%MODIFIED: february 2017
%
%%%%%%%%%%%%%%%%%%%%%%%%%%%%%%%%%%%%%%%%%%%%%%%%%%%%%%%%%%%%%%%%%%%%%%%%%%%%%%%%%%%%%%%%%%
%
%%%BOOKS%%%
%

@book{Beauville1972,
author = {Beauville, A.},
title = {Formules de points fixes en cohomologie coherente},
publisher = {Seminaire de Geometrie Algebraique. Secrétariat mathématique de l'ÉNS},
year = {1972},
note = "Available online at \href{http://math1.unice.fr/~beauvill/pubs/lef.pdf}{http://math1.unice.fr/~beauvill/pubs/lef.pdf}",
}


@book {Birman1974,
    AUTHOR = {Birman, Joan S.},
     TITLE = {Braids, links, and mapping class groups},
      NOTE = {Annals of Mathematics Studies, No. 82},
 PUBLISHER = {Princeton University Press, Princeton, N.J.; University of
              Tokyo Press, Tokyo},
      YEAR = {1974},
     PAGES = {ix+228},
   MRCLASS = {55A25},
  MRNUMBER = {0375281 (51 \#11477)},
MRREVIEWER = {Wilbur Whitten},
}


@book {MagnusKarrassSolitar1976,
    AUTHOR = {Magnus, Wilhelm and Karrass, Abraham and Solitar, Donald},
     TITLE = {Combinatorial group theory},
   EDITION = {revised},
      NOTE = {Presentations of groups in terms of generators and relations},
 PUBLISHER = {Dover Publications Inc.},
   ADDRESS = {New York},
      YEAR = {1976},
     PAGES = {xii+444},
   MRCLASS = {20F05},
  MRNUMBER = {0422434 (54 \#10423)},
}


@book {ZieschangVogtColdewey1980,
    AUTHOR = {Zieschang, Heiner and Vogt, Elmar and Coldewey, Hans-Dieter},
     TITLE = {Surfaces and planar discontinuous groups},
    SERIES = {Lecture Notes in Mathematics},
    VOLUME = {835},
      NOTE = {Translated from the German by John Stillwell},
 PUBLISHER = {Springer, Berlin},
      YEAR = {1980},
     PAGES = {x+334},
      ISBN = {3-540-10024-5},
   MRCLASS = {57Mxx (20Fxx 30F35)},
  MRNUMBER = {606743 (82h:57002)},
MRREVIEWER = {David Singerman},
}


@book {ItsNovokshenov1986,
    AUTHOR = {Its, A. and Novokshenov, V.},
     TITLE = {The isomonodromic deformation method in the theory of
              {P}ainlev\'e equations},
    SERIES = {Lecture Notes in Mathematics},
    VOLUME = {1191},
 PUBLISHER = {Springer-Verlag, Berlin},
      YEAR = {1986},
     PAGES = {iv+313},
      ISBN = {3-540-16483-9},
   MRCLASS = {34A20 (35Q20 58F07)},
  MRNUMBER = {851569},
MRREVIEWER = {Alexander A. Pankov},
       DOI = {10.1007/BFb0076661},
       URL = {http://dx.doi.org/10.1007/BFb0076661},
}


@book {IwasakiKimuraShimomuraYoshida1991,
    AUTHOR = {Iwasaki, K. and Kimura, H. and Shimomura, S.
              and Yoshida, M.},
     TITLE = {From {G}auss to {P}ainlev\'e, {A} modern theory of special functions},
    SERIES = {Aspects of Mathematics},
 PUBLISHER = {Friedr. Vieweg \& Sohn, Braunschweig},
      YEAR = {1991},
     PAGES = {xii+347},
      ISBN = {3-528-06355-6},
   MRCLASS = {33-02 (32G34 34A20 34A34 58F05)},
  MRNUMBER = {1118604},
MRREVIEWER = {Takeshi Sasaki},
       DOI = {10.1007/978-3-322-90163-7},
       URL = {http://dx.doi.org/10.1007/978-3-322-90163-7},
}


@book {GriffithsHarris1994,
    AUTHOR = {Griffiths, Phillip and Harris, Joseph},
     TITLE = {Principles of algebraic geometry},
    SERIES = {Wiley Classics Library},
 PUBLISHER = {John Wiley \& Sons, Inc., New York},
      YEAR = {1994},
     PAGES = {xiv+813},
      ISBN = {0-471-05059-8},
   MRCLASS = {14-01},
  MRNUMBER = {1288523 (95d:14001)},
       DOI = {10.1002/9781118032527},
       URL = {http://dx.doi.org/10.1002/9781118032527},
      NOTE = "\href{http://dx.doi.org/10.1002/9781118032527}{DOI:10.1002/9781118032527}",
}


@book {Miranda1995a,
    AUTHOR = {Miranda, Rick},
     TITLE = {Algebraic curves and {R}iemann surfaces},
    SERIES = {Graduate Studies in Mathematics},
    VOLUME = {5},
 PUBLISHER = {American Mathematical Society, Providence, RI},
      YEAR = {1995},
     PAGES = {xxii+390},
      ISBN = {0-8218-0268-2},
   MRCLASS = {14Hxx (14-01 30F99)},
  MRNUMBER = {1326604 (96f:14029)},
MRREVIEWER = {R. F. Lax},
       DOI = {10.1090/gsm/005},
       URL = {http://dx.doi.org/10.1090/gsm/005},
      NOTE = "\href{http://dx.doi.org/10.1090/gsm/005}{DOI:10.1090/gsm/005}",
}


@book {Miranda1995b,
    AUTHOR = {Miranda, Rick},
     TITLE = {An overview of algebraic surfaces},
 PUBLISHER = {Notes for Lectures at the 1995 Summer School on Algebraic Geometry, BICAS, Ankara, Turkey},
      YEAR = {1995},
      NOTE = "Available from \href{www.math.colostate.edu/~miranda/preprints/turkey95.ps}{Rick Miranda's webpage}",
}



@book {Suwa1998,
    AUTHOR = {Suwa, Tatsuo},
     TITLE = {Indices of vector fields and residues of singular holomorphic
              foliations},
    SERIES = {Actualit\'es Math\'ematiques. [Current Mathematical Topics]},
 PUBLISHER = {Hermann, Paris},
      YEAR = {1998},
     PAGES = {viii+204},
      ISBN = {2-7056-6361-4},
   MRCLASS = {32S65 (32L30)},
  MRNUMBER = {1649358},
MRREVIEWER = {M. G. Soares},
      NOTE = "\href{http://www.ams.org/mathscinet-getitem?mr=1649358}{MR:1649358}",
}


@book {May1999,
    AUTHOR = {May, J.~Peter},
     TITLE = {A concise course in algebraic topology},
    SERIES = {Chicago Lectures in Mathematics},
 PUBLISHER = {University of Chicago Press, Chicago, IL},
      YEAR = {1999},
     PAGES = {x+243},
      ISBN = {0-226-51182-0; 0-226-51183-9},
   MRCLASS = {55-02 (18-02 57-02)},
  MRNUMBER = {1702278 (2000h:55002)},
MRREVIEWER = {R. M. Vogt},
      NOTE = "Available from \href{http://www.math.uchicago.edu/~may/CONCISE/ConciseRevised.pdf}{J.P. May's webpage}.",
}


@book {Morita2001,
    AUTHOR = {Morita, Shigeyuki},
     TITLE = {Geometry of differential forms},
    SERIES = {Translations of Mathematical Monographs},
    VOLUME = {201},
 PUBLISHER = {American Mathematical Society, Providence, RI},
      YEAR = {2001},
     PAGES = {xxiv+321},
      ISBN = {0-8218-1045-6},
   MRCLASS = {58A10 (53C65 55Q25 55S30 57R20 58A12 58A14)},
  MRNUMBER = {1851352 (2002k:58001)},
MRREVIEWER = {Christian Gross},
}


@book {AguilarGitlerPrieto2002,
    AUTHOR = {Aguilar, Marcelo and Gitler, Samuel and Prieto, Carlos},
     TITLE = {Algebraic topology from a homotopical viewpoint},
    SERIES = {Universitext},
 PUBLISHER = {Springer-Verlag, New York},
      YEAR = {2002},
     PAGES = {xxx+478},
      ISBN = {0-387-95450-3},
   MRCLASS = {55-01},
  MRNUMBER = {1908260 (2003c:55001)},
MRREVIEWER = {Donald M. Davis},
       DOI = {10.1007/b97586},
       URL = {http://dx.doi.org/10.1007/b97586},
      NOTE ="\href{http://dx.doi.org/10.1007/b97586}{DOI:10.1007/b97586}",
}


@book {Sabbah2002,
    AUTHOR = {Sabbah, C.},
     TITLE = {Isomonodromic deformations and {F}robenius manifolds},
    SERIES = {Universitext},
   EDITION = {Translated from the {F}rench},
 PUBLISHER = {Springer-Verlag London},
      YEAR = {2007},
     PAGES = {xiv+279},
      ISBN = {978-1-84800-053-7; 978-2-7598-0047-6},
   MRCLASS = {32G34 (32S30 32S40 33E50 34M45 53D45)},
  MRNUMBER = {2368364},
}


@book {GomezMontOrtiz2004,
    AUTHOR = {G{\'o}mez-Mont, X. and O{rtiz-Bobadilla}, L.},
     TITLE = {Sistemas din\'amicos holomorfos en superficies \textnormal{(Spanish)}},
   EDITION = {2nd},
    SERIES = {Aportaciones Matem\'aticas: Notas de Investigaci\'on},
    VOLUME = {3},
 PUBLISHER = {Sociedad Matem\'atica Mexicana},
   ADDRESS = {M\'exico},
      YEAR = {2004},
     PAGES = {iv+207},
      ISBN = {968-36-0767-5},
   MRCLASS = {32L30 (32-01 58F18)},
  MRNUMBER = {1304495 (95j:32046)},
MRREVIEWER = {Dominique Cerveau},
      NOTE = "\href{http://www.ams.org/mathscinet-getitem?mr=1304495}{MR:1304495}",
}


@book {Brunella2004b,
    AUTHOR = {Brunella, Marco},
     TITLE = {Birational geometry of foliations},
    SERIES = {Publica\c c\~oes Matem\'aticas do IMPA},
 PUBLISHER = {Instituto de Matem\'atica Pura e Aplicada (IMPA), Rio de
              Janeiro},
      YEAR = {2004},
     PAGES = {iv+138},
      ISBN = {85-244-0219-9},
   MRCLASS = {32S65 (14E05 37F75)},
  MRNUMBER = {1948251 (2004g:14018)},
MRREVIEWER = {Frank Loray},
      NOTE = "\href{http://www.ams.org/mathscinet-getitem?mr=1948251}{MR:1948251}",
}


@incollection {BirmanBrendle2005,
    AUTHOR = {Birman, Joan S. and Brendle, Tara E.},
     TITLE = {Braids: a survey},
 BOOKTITLE = {Handbook of knot theory},
     PAGES = {19--103},
 PUBLISHER = {Elsevier B. V., Amsterdam},
      YEAR = {2005},
   MRCLASS = {57M25 (20F36 55R80 57M27 57R17)},
  MRNUMBER = {2179260 (2007a:57004)},
MRREVIEWER = {Darren D. Long},
       DOI = {10.1016/B978-044451452-3/50003-4},
       URL = {http://dx.doi.org/10.1016/B978-044451452-3/50003-4},
}


@book {IlyashenkoYakovenko2007,
    AUTHOR = {Ilyashenko, Yu. and Yakovenko, S.},
     TITLE = {Lectures on analytic differential equations},
    SERIES = {Graduate Studies in Mathematics},
    VOLUME = {86},
 PUBLISHER = {American Mathematical Society},
   ADDRESS = {Providence, RI},
      YEAR = {2008},
     PAGES = {xiv+625},
      ISBN = {978-0-8218-3667-5},
   MRCLASS = {34-02 (32S65 34-01 34C07 34M25 34M50 37C10 37F75)},
  MRNUMBER = {2363178 (2009b:34001)},
MRREVIEWER = {Christiane Rousseau},
}


@book{Taelman2015,
author = {Taelman, L.},
title = {Sheaves and Functions Modulo $p$},
publisher = {London Mathematical Society Lecture Note Series (No.~429). Cambridge University Press}, 
year = {2015},
NOTE = "\href{http://dx.doi.org/10.1017/CBO9781316480687}{DOI:10.1017/CBO9781316480687}",
}


%
%%%THESIS%%%
%

@book {Moldavskis2007,
    AUTHOR = {Moldavskis, V.},
     TITLE = {New generic properties of real and complex dynamical systems},
      NOTE = {Thesis (Ph.D.)--Cornell University},
 PUBLISHER = {ProQuest LLC, Ann Arbor, MI},
      YEAR = {2007},
     PAGES = {121},
   MRCLASS = {Thesis},
  MRNUMBER = {2709750},
      NOTE = "\href{http://gateway.proquest.com/openurl?url_ver=Z39.88-2004&rft_val_fmt=info:ofi/fmt:kev:mtx:dissertation&res_dat=xri:pqdiss&rft_dat=xri:pqdiss:3246719}{ProQuest LLC}",
}


@book {Valdez2007,
    AUTHOR = {Valdez, F.},
     TITLE = {Feuilletages homog\`{e}nes et billards polygonaux},
      NOTE = {Thesis (Ph.D.)--Universit\'{e} de Rennes 1},
 PUBLISHER = {Hyper Articles en Ligne (HAL)},
      YEAR = {2007},
   MRCLASS = {Thesis},
       URL = {https://tel.archives-ouvertes.fr/file/index/docid/159918/filename/tesis.pdf},
      NOTE = "\href{https://tel.archives-ouvertes.fr/file/index/docid/159918/filename/tesis.pdf}{HAL:159918}",
}


%
%%%SOFTWARE%%%
%

@misc {Mathematica9,
    AUTHOR = {Wolfram Research, Inc.},
     TITLE = "{{\sl Mathematica}, Version 9.0, Champaign, IL (2012)}",
      NOTE = "\href{http://www.wolfram.com/mathematica/}{www.wolfram.com/mathematica}",
}


@misc {Macaulay2,
    AUTHOR = {Grayson, Daniel R. and Stillman, Michael E.},
     TITLE = {Macaulay2, a software system for research in algebraic geometry},
      NOTE = "Available at \href{http://www.math.uiuc.edu/Macaulay2/}{http://www.math.uiuc.edu/Macaulay2/}"
}


%
%%%PAPERS%%%
%

@article{PetrovskiiLandis1955,
    AUTHOR = {Petrovski{\u\i}, I.~G. and Landis, E.~M.},
     TITLE = {On the number of limit cycles of the equation
              {$dy/dx=P(x,y)/Q(x,y)$}, where {$P$} and {$Q$} are polynomials
              of 2nd degree},
   JOURNAL = {Mat. Sb. N.S.},
    VOLUME = {37(79)},
      YEAR = {1955},
     PAGES = {209--250},
   MRCLASS = {34.0X},
  MRNUMBER = {0073004 (17,364d)},
MRREVIEWER = {S. Lefschetz},
      NOTE = "\href{http://www.ams.org/mathscinet-getitem?mr=0073004}{MR:0073004}",
}


@article{PetrovskiiLandis1957,
    AUTHOR = {Landis, E.~M. and Petrovski{\u\i}, I.~G.},
     TITLE = {On the number of limit cycles of the equation
              {$dy/dx=P(x,y)/Q(x,y)$}, where {$P$} and {$Q$} are
              polynomials},
   JOURNAL = {Mat. Sb. N.S.},
    VOLUME = {43(85)},
      YEAR = {1957},
     PAGES = {149--168},
   MRCLASS = {34.0X},
  MRNUMBER = {0089968 (19,746c)},
MRREVIEWER = {S. Lefschetz},
      NOTE = "\href{http://www.ams.org/mathscinet-getitem?mr=0089968}{MR:0089968}",
}


@article {Rohrl1957,
    AUTHOR = {R{\"o}hrl, H.},
     TITLE = {Das {R}iemann-{H}ilbertsche {P}roblem der {T}heorie der
              linearen {D}ifferentialgleichungen},
   JOURNAL = {Math. Ann.},
  FJOURNAL = {Mathematische Annalen},
    VOLUME = {133},
      YEAR = {1957},
     PAGES = {1--25},
      ISSN = {0025-5831},
   MRCLASS = {34.0X},
  MRNUMBER = {0086958},
MRREVIEWER = {D. G. Bourgin},
}


@article {HudaiVerenov1962,
    AUTHOR = {Huda\u\i -Verenov, M.~G.},
     TITLE = {A property of the solutions of a differential equation},
   JOURNAL = {Mat. Sb. (N.S.)},
    VOLUME = {56 (98)},
      YEAR = {1962},
     PAGES = {301--308},
   MRCLASS = {34.41},
  MRNUMBER = {0147699},
MRREVIEWER = {L. Pint\~A\copyright{}r},
      NOTE = "\href{http://www.ams.org/mathscinet-getitem?mr=0147699}{MR:0147699}",
}


@article {AtiyahBott1966,
    AUTHOR = {Atiyah, M.~F. and Bott, R.},
     TITLE = {A {L}efschetz fixed point formula for elliptic differential
              operators},
   JOURNAL = {Bull. Amer. Math. Soc.},
  FJOURNAL = {Bulletin of the American Mathematical Society},
    VOLUME = {72},
      YEAR = {1966},
     PAGES = {245--250},
      ISSN = {0002-9904},
       DOI = {10.1090/S0002-9904-1966-11483-0},
   MRCLASS = {57.50},
  MRNUMBER = {0190950},
      NOTE = "\href{http://dx.doi.org/10.1090/S0002-9904-1966-11483-0}{DOI:10.1090/S0002-9904-1966-11483-0}",
MRREVIEWER = {R. S. Palais},
}


@article {AtiyahBott1967,
    AUTHOR = {Atiyah, M.~F. and Bott, R.},
     TITLE = {A {L}efschetz fixed point formula for elliptic complexes. {I}},
   JOURNAL = {Ann. of Math. (2)},
  FJOURNAL = {Annals of Mathematics. Second Series},
    VOLUME = {86},
      YEAR = {1967},
     PAGES = {374--407},
      ISSN = {0003-486X},
       DOI = {10.2307/1970694},
   MRCLASS = {57.50},
  MRNUMBER = {0212836},
MRREVIEWER = {R. S. Palais},
      NOTE = "\href{http://dx.doi.org/10.2307/1970694}{DOI:10.2307/1970694}",
}


@incollection {Verdier1967,
    AUTHOR = {Verdier, J.-L.},
     TITLE = {The {L}efschetz fixed point formula in etale cohomology},
 BOOKTITLE = {Proc. {C}onf. {L}ocal {F}ields ({D}riebergen, 1966)},
     PAGES = {199--214},
 PUBLISHER = {Springer, Berlin},
      YEAR = {1967},
   MRCLASS = {14.55},
  MRNUMBER = {0242846},
MRREVIEWER = {F. Gherardelli},
      NOTE = "\href{http://www.ams.org/mathscinet-getitem?mr=0242846}{MR:0242846}",
}


@article {AtiyahBott1968,
    AUTHOR = {Atiyah, M.~F. and Bott, R.},
     TITLE = {A {L}efschetz fixed point formula for elliptic complexes.
              {II}. {A}pplications},
   JOURNAL = {Ann. of Math. (2)},
  FJOURNAL = {Annals of Mathematics. Second Series},
    VOLUME = {88},
      YEAR = {1968},
     PAGES = {451--491},
      ISSN = {0003-486X},
       DOI = {10.2307/1970721},
   MRCLASS = {57.50},
  MRNUMBER = {0232406},
MRREVIEWER = {R. S. Palais},
      NOTE = "\href{http://dx.doi.org/10.2307/1970721}{DOI:10.2307/1970721}",
}


@incollection {BaumBott1970,
    AUTHOR = {Baum, P. and Bott, R.},
     TITLE = {On the zeros of meromorphic vector-fields},
 BOOKTITLE = {Essays on {T}opology and {R}elated {T}opics ({M}\'emoires d\'edi\'es
              \`a {G}eorges de {R}ham)},
     PAGES = {29--47},
 PUBLISHER = {Springer, New York},
      YEAR = {1970},
   MRCLASS = {57.60 (32.00)},
  MRNUMBER = {0261635},
MRREVIEWER = {H. Suzuki},
      NOTE = "\href{http://www.ams.org/mathscinet-getitem?mr=0261635}{MR:0261635}",
}


@book {Deligne1970,
    AUTHOR = {Deligne, P.},
     TITLE = {\'{E}quations diff\'erentielles \`a points singuliers
              r\'eguliers},
    SERIES = {Lecture Notes in Mathematics, Vol. 163},
 PUBLISHER = {Springer-Verlag, Berlin-New York},
      YEAR = {1970},
     PAGES = {iii+133},
   MRCLASS = {14D05 (14C30)},
  MRNUMBER = {0417174},
MRREVIEWER = {Helmut Hamm},
}


@article {Okamoto1971,
    AUTHOR = {Okamoto, K.},
     TITLE = {On {F}uch's problem on a torus. {I}},
   JOURNAL = {Funkcial. Ekvac.},
  FJOURNAL = {Funkcialaj Ekvacioj. Serio Internacia},
    VOLUME = {14},
      YEAR = {1971},
     PAGES = {137--152},
      ISSN = {0532-8721},
   MRCLASS = {34A20},
  MRNUMBER = {0310319},
MRREVIEWER = {J. Rausen},
}


@article {Saito1976,
    AUTHOR = {Saito, K.},
     TITLE = {On a generalization of de-{R}ham lemma},
   JOURNAL = {Ann. Inst. Fourier (Grenoble)},
  FJOURNAL = {Universit\'e de Grenoble. Annales de l'Institut Fourier},
    VOLUME = {26},
      YEAR = {1976},
    NUMBER = {2},
     PAGES = {vii, 165--170},
      ISSN = {0373-0956},
   MRCLASS = {58A10},
  MRNUMBER = {0413155 (54 \#1276)},
MRREVIEWER = {D. B. Fuks},
}


@article{Ilyashenko1978,
    AUTHOR = {Ilyashenko, Yu.~S.},
     TITLE = {Topology of phase portraits of analytic differential equations
              on a complex projective plane},
   JOURNAL = {Trudy Sem. Petrovsk.},
  FJOURNAL = {Moskovski\u\i\ Universitet. Trudy Seminara imeni I. G.
              Petrovskogo},
    NUMBER = {4},
      YEAR = {1978},
     PAGES = {83--136},
      ISSN = {0321-2971},
   MRCLASS = {58F14 (34D30 58C10)},
  MRNUMBER = {524528 (84k:58164)},
MRREVIEWER = {K. Barckow},
      NOTE = "\href{http://www.ams.org/mathscinet-getitem?mr=524528}{MR:524528}",
}


@article {MatteiMoussu1980,
    AUTHOR = {Mattei, J.-F. and Moussu, R.},
     TITLE = {Holonomie et int\'egrales premi\`eres},
   JOURNAL = {Ann. Sci. \'Ecole Norm. Sup. (4)},
  FJOURNAL = {Annales Scientifiques de l'\'Ecole Normale Sup\'erieure.
              Quatri\`eme S\'erie},
    VOLUME = {13},
      YEAR = {1980},
    NUMBER = {4},
     PAGES = {469--523},
      ISSN = {0012-9593},
     CODEN = {ASENAH},
   MRCLASS = {58A10 (58F18)},
  MRNUMBER = {608290 (83b:58005)},
MRREVIEWER = {Yu. S. Ilyashenko},
       URL = {http://www.numdam.org/item?id=ASENS_1980_4_13_4_469_0},
}


@article {JimboMiwaUeno1981,
    AUTHOR = {Jimbo, M. and Miwa, T. and Ueno, K.},
     TITLE = {Monodromy preserving deformation of linear ordinary
              differential equations with rational coefficients. {I}.
              {G}eneral theory and {$\tau $}-function},
   JOURNAL = {Phys. D},
  FJOURNAL = {Physica D. Nonlinear Phenomena},
    VOLUME = {2},
      YEAR = {1981},
    NUMBER = {2},
     PAGES = {306--352},
      ISSN = {0167-2789},
     CODEN = {FDNPDT},
   MRCLASS = {34A20 (14K25 58A15 58F07 81C05)},
  MRNUMBER = {630674},
MRREVIEWER = {V. A. Golubeva},
       DOI = {10.1016/0167-2789(81)90013-0},
       URL = {http://dx.doi.org/10.1016/0167-2789(81)90013-0},
}


@article {CamachoSad1982,
    AUTHOR = {Camacho, C. and Sad, P.},
     TITLE = {Invariant varieties through singularities of holomorphic
              vector fields},
   JOURNAL = {Ann. of Math. (2)},
  FJOURNAL = {Annals of Mathematics. Second Series},
    VOLUME = {115},
      YEAR = {1982},
    NUMBER = {3},
     PAGES = {579--595},
      ISSN = {0003-486X},
     CODEN = {ANMAAH},
   MRCLASS = {58F18 (57R99 58A17 58F14)},
  MRNUMBER = {657239 (83m:58062)},
MRREVIEWER = {Robert Roussarie},
       DOI = {10.2307/2007013},
       URL = {http://dx.doi.org/10.2307/2007013},
      NOTE = "\href{http://dx.doi.org/10.2307/2007013}{DOI:10.2307/2007013}",
}


@incollection{Malgrange1983,
    AUTHOR = {Malgrange, B.},
     TITLE = {Sur les d\'eformations isomonodromiques. {I}.
              {S}ingularit\'es r\'eguli\`eres},
 BOOKTITLE = {Mathematics and physics ({P}aris, 1979/1982)},
    SERIES = {Progr. Math.},
    VOLUME = {37},
     PAGES = {401--426},
 PUBLISHER = {Birkh\"auser, Boston, MA},
      YEAR = {1983},
   MRCLASS = {58F07 (14D05 32G99 58A15)},
  MRNUMBER = {728431},
MRREVIEWER = {Takashi Aoki},
}


@article {Goldman1984,
    AUTHOR = {Goldman, W.},
     TITLE = {The symplectic nature of fundamental groups of surfaces},
   JOURNAL = {Adv. in Math.},
  FJOURNAL = {Advances in Mathematics},
    VOLUME = {54},
      YEAR = {1984},
    NUMBER = {2},
     PAGES = {200--225},
      ISSN = {0001-8708},
     CODEN = {ADMTA4},
   MRCLASS = {32G15 (57M05)},
  MRNUMBER = {762512},
MRREVIEWER = {C. Earle},
       DOI = {10.1016/0001-8708(84)90040-9},
       URL = {http://dx.doi.org/10.1016/0001-8708(84)90040-9},
}


@article{Shcherbakov1984,
    AUTHOR = {Shcherbakov, A.~A.},
     TITLE = {Topological and analytic conjugation of noncommutative groups
              of germs of conformal mappings},
   JOURNAL = {Trudy Sem. Petrovsk.},
  FJOURNAL = {Moskovski\u\i\ Universitet. Trudy Seminara imeni I. G.
              Petrovskogo},
    NUMBER = {10},
      YEAR = {1984},
     PAGES = {170--196, 238--239},
      ISSN = {0321-2971},
   MRCLASS = {58F10 (30C35 58F21)},
  MRNUMBER = {778885 (86g:58083)},
MRREVIEWER = {V. Oproiu},
      NOTE = "\href{http://www.ams.org/mathscinet-getitem?mr=778885}{MR:778885}"
}


@article {CerveauSad1986,
    AUTHOR = {Cerveau, D. and Sad, P.},
     TITLE = {Probl\`emes de modules pour les formes diff\'erentielles
              singuli\`eres dans le plan complexe},
   JOURNAL = {Comment. Math. Helv.},
  FJOURNAL = {Commentarii Mathematici Helvetici},
    VOLUME = {61},
      YEAR = {1986},
    NUMBER = {2},
     PAGES = {222--253},
      ISSN = {0010-2571},
     CODEN = {COMHAX},
   MRCLASS = {58F18 (57R30)},
  MRNUMBER = {856088 (88f:58124)},
MRREVIEWER = {Xavier Gomez-Mont},
       DOI = {10.1007/BF02621913},
       URL = {http://dx.doi.org/10.1007/BF02621913},
}


@article {GomezMont1987,
    AUTHOR = {G{\'o}mez-Mont, X.},
     TITLE = {Universal families of foliations by curves},
      NOTE = {Singularit{\'e}s d'{\'e}quations diff{\'e}rentielles (Dijon,
              1985)},
   JOURNAL = {Ast\'erisque},
  FJOURNAL = {Ast\'erisque},
    NUMBER = {150-151},
      YEAR = {1987},
     PAGES = {109--129, 186},
      ISSN = {0303-1179},
   MRCLASS = {32L99 (32G13 58F18)},
  MRNUMBER = {923596 (89d:32067)},
MRREVIEWER = {Jean-Pierre Fran{\c{c}}oise},
}


@article {GomezMont1988,
    AUTHOR = {G{\'o}mez-Mont, X.},
     TITLE = {The transverse dynamics of a holomorphic flow},
   JOURNAL = {Ann. of Math. (2)},
  FJOURNAL = {Annals of Mathematics. Second Series},
    VOLUME = {127},
      YEAR = {1988},
    NUMBER = {1},
     PAGES = {49--92},
      ISSN = {0003-486X},
     CODEN = {ANMAAH},
   MRCLASS = {32G10 (32L99 58F18)},
  MRNUMBER = {924673 (89d:32049)},
MRREVIEWER = {Jean-Pierre Fran{\c{c}}oise},
       DOI = {10.2307/1971416},
       URL = {http://dx.doi.org/10.2307/1971416},
}


@article{LinsNeto1987,
author = "A. {Lins Neto}",
title = "Construction of singular holomorphic vector fields and foliations in dimension two",
journal = "{J. Differential Geom. 26 (1) (1987), p.1-31}",
}


@article{Mattei1991,
author = "J.-F. Mattei",
title = "{Modules de feuilletages holomorphes singuliers. I. Equisingularité. (French)}",
journal = "{Invent. Math. 103, no. 2 (1991), p.297–325}",
}


@article {Bolibrukh1992,
    AUTHOR = {Bolibrukh, A.},
     TITLE = {Sufficient conditions for the positive solvability of the
              {R}iemann-{H}ilbert problem},
   JOURNAL = {Mat. Zametki},
  FJOURNAL = {Rossi\u\i skaya Akademiya Nauk. Matematicheskie Zametki},
    VOLUME = {51},
      YEAR = {1992},
    NUMBER = {2},
     PAGES = {9--19, 156},
      ISSN = {0025-567X},
   MRCLASS = {34A20 (30E25)},
  MRNUMBER = {1165460},
MRREVIEWER = {Serge{\u\i} Grudski{\u\i}},
       DOI = {10.1007/BF02102113},
       URL = {http://dx.doi.org/10.1007/BF02102113},
}


@article {Iwasaki1992,
    AUTHOR = {Iwasaki, K.},
     TITLE = {Fuchsian moduli on a {R}iemann surface - its {P}oisson
              structure and {P}oincar\'e-{L}efschetz duality},
   JOURNAL = {Pacific J. Math.},
  FJOURNAL = {Pacific Journal of Mathematics},
    VOLUME = {155},
      YEAR = {1992},
    NUMBER = {2},
     PAGES = {319--340},
      ISSN = {0030-8730},
     CODEN = {PJMAAI},
   MRCLASS = {32G34 (14D20 58F05)},
  MRNUMBER = {1178029},
MRREVIEWER = {William Goldman},
       URL = {http://projecteuclid.org/euclid.pjm/1102635272},
}


@article {Kostov1992,
    AUTHOR = {Kostov, V.},
     TITLE = {Fuchsian linear systems on {${\bf C}{\rm P}^1$} and the
              {R}iemann-{H}ilbert problem},
   JOURNAL = {C. R. Acad. Sci. Paris S\'er. I Math.},
  FJOURNAL = {Comptes Rendus de l'Acad\'emie des Sciences. S\'erie I.
              Math\'ematique},
    VOLUME = {315},
      YEAR = {1992},
    NUMBER = {2},
     PAGES = {143--148},
      ISSN = {0764-4442},
     CODEN = {CASMEI},
   MRCLASS = {34A20 (20H10)},
  MRNUMBER = {1197226},
MRREVIEWER = {Andre{\u\i} Bolibrukh},
}


@article {Nisture1993,
    AUTHOR = {Nitsure, N.},
     TITLE = {Moduli of semistable logarithmic connections},
   JOURNAL = {J. Amer. Math. Soc.},
  FJOURNAL = {Journal of the American Mathematical Society},
    VOLUME = {6},
      YEAR = {1993},
    NUMBER = {3},
     PAGES = {597--609},
      ISSN = {0894-0347},
   MRCLASS = {32G13 (14D20 14F05)},
  MRNUMBER = {1182671},
MRREVIEWER = {Kang Zuo},
       DOI = {10.2307/2152778},
       URL = {http://dx.doi.org/10.2307/2152778},
}


@article {FornaessSibony1994,
    AUTHOR = {Forn{\ae}ss, J.~E. and Sibony, N.},
     TITLE = {Complex dynamics in higher dimension. {I}},
   JOURNAL = {Ast\'erisque},
  FJOURNAL = {Ast\'erisque},
    NUMBER = {222},
      YEAR = {1994},
     PAGES = {5, 201--231},
      ISSN = {0303-1179},
   MRCLASS = {32H50 (32H20 58F23)},
  MRNUMBER = {1285389},
MRREVIEWER = {Serguei M. Voronin},
      NOTE = "\href{http://www.ams.org/mathscinet-getitem?mr=1285389}{MR:1285389}",
}


@article {IlyashenkoPyartli1994,
    AUTHOR = {Ilyashenko, Yu.~S. and Pyartli, A.~S.},
     TITLE = {The monodromy group at infinity of a generic polynomial vector
              field on the complex projective plane},
   JOURNAL = {Russian J. Math. Phys.},
  FJOURNAL = {Russian Journal of Mathematical Physics},
    VOLUME = {2},
      YEAR = {1994},
    NUMBER = {3},
     PAGES = {275--315},
      ISSN = {1061-9208},
     CODEN = {RJMPEL},
   MRCLASS = {34A20 (34C05)},
  MRNUMBER = {1330871 (96e:34009)},
MRREVIEWER = {Andre{\u\i} Bolibrukh},
}


@article{Nakai1994,
    AUTHOR = {Nakai, I.},
     TITLE = {Separatrices for nonsolvable dynamics on {${\bf C},0$}},
   JOURNAL = {Ann. Inst. Fourier (Grenoble)},
  FJOURNAL = {Universit\'e de Grenoble. Annales de l'Institut Fourier},
    VOLUME = {44},
      YEAR = {1994},
    NUMBER = {2},
     PAGES = {569--599},
      ISSN = {0373-0956},
     CODEN = {AIFUA7},
   MRCLASS = {58F14 (58F23)},
  MRNUMBER = {1296744 (95j:58124)},
MRREVIEWER = {Robert Roussarie},
       URL = {http://www.numdam.org/item?id=AIF_1994__44_2_569_0},
      NOTE = "\href{http://www.ams.org/mathscinet-getitem?mr=1296744}{MR:1296744}",
}


@article {Simpson1994,
    AUTHOR = {Simpson, C.},
     TITLE = {Moduli of representations of the fundamental group of a smooth
              projective variety. {II}},
   JOURNAL = {Inst. Hautes \'Etudes Sci. Publ. Math.},
  FJOURNAL = {Institut des Hautes \'Etudes Scientifiques. Publications
              Math\'ematiques},
    NUMBER = {80},
      YEAR = {1994},
     PAGES = {5--79},
      ISSN = {0073-8301},
     CODEN = {PMIHA6},
   MRCLASS = {14D20 (14D22 14F05 14F10)},
  MRNUMBER = {1320603},
MRREVIEWER = {Nitin Nitsure},
       URL = {http://www.numdam.org/item?id=PMIHES_1994__80__5_0},
}


@incollection {Ueda1995,
    AUTHOR = {Ueda, T.},
     TITLE = {Complex dynamics on projective spaces---index formula for
              fixed points},
 BOOKTITLE = {Dynamical systems and chaos, {V}ol. 1 ({H}achioji, 1994)},
     PAGES = {252--259},
 PUBLISHER = {World Sci. Publ., River Edge, NJ},
      YEAR = {1995},
   MRCLASS = {32H50},
  MRNUMBER = {1479941 (98g:32041)},
MRREVIEWER = {Marco Abate},
      NOTE = "\href{http://www.ams.org/mathscinet-getitem?mr=1479941}{MR:1479941}",
}


@article {Ortiz1995,
    AUTHOR = {Ortiz-Bobadilla, L.},
     TITLE = {Quadratic vector fields in {${\bf C}{\rm P}^2$} with two
              saddle-node type singularities at infinity},
   JOURNAL = {J. Dynam. Control Systems},
  FJOURNAL = {Journal of Dynamical and Control Systems},
    VOLUME = {1},
      YEAR = {1995},
    NUMBER = {3},
     PAGES = {295--317},
      ISSN = {1079-2724},
     CODEN = {JDCSEK},
   MRCLASS = {58F21 (32G34 34A20 34C05)},
  MRNUMBER = {1354537 (97a:58152)},
MRREVIEWER = {Sergei Yakovenko},
       DOI = {10.1007/BF02269371},
       URL = {http://dx.doi.org/10.1007/BF02269371},
}


@article {Ghys1996,
    AUTHOR = {Ghys, {\'E}.},
     TITLE = {Feuilletages holomorphes de codimension un sur les espaces
              homog\`enes complexes},
   JOURNAL = {Ann. Fac. Sci. Toulouse Math. (6)},
  FJOURNAL = {Toulouse. Facult\'e des Sciences. Annales. Math\'ematiques.
              S\'erie 6},
    VOLUME = {5},
      YEAR = {1996},
    NUMBER = {3},
     PAGES = {493--519},
      ISSN = {0240-2955},
   MRCLASS = {32L30 (57R30)},
  MRNUMBER = {1440947 (98d:32037)},
MRREVIEWER = {M. G. Soares},
       URL = {http://www.numdam.org/item?id=AFST_1996_6_5_3_493_0},
}


@article {BelliartLiousseLoray1997,
    AUTHOR = {Belliart, M. and Liousse, I. and Loray, F.},
     TITLE = {Sur l'existence de points fixes attractifs pour les
              sous-groupes de {${\rm Aut}({\bf C}_{,0})$}},
   JOURNAL = {C. R. Acad. Sci. Paris S\'er. I Math.},
  FJOURNAL = {Comptes Rendus de l'Acad\'emie des Sciences. S\'erie I.
              Math\'ematique},
    VOLUME = {324},
      YEAR = {1997},
    NUMBER = {4},
     PAGES = {443--446},
      ISSN = {0764-4442},
   MRCLASS = {58F23 (30D05)},
  MRNUMBER = {1440964},
MRREVIEWER = {J. S. Joel},
       DOI = {10.1016/S0764-4442(97)80083-3},
       URL = {http://dx.doi.org/10.1016/S0764-4442(97)80083-3},
      NOTE = "\href{http://dx.doi.org/10.1016/S0764-4442(97)80083-3}{DOI:10.1016/S0764-4442(97)80083-3}",
}


@article {Brunella1997,
    AUTHOR = {Brunella, Marco},
     TITLE = {Feuilletages holomorphes sur les surfaces complexes compactes},
   JOURNAL = {Ann. Sci. \'Ecole Norm. Sup. (4)},
  FJOURNAL = {Annales Scientifiques de l'\'Ecole Normale Sup\'erieure.
              Quatri\`eme S\'erie},
    VOLUME = {30},
      YEAR = {1997},
    NUMBER = {5},
     PAGES = {569--594},
      ISSN = {0012-9593},
     CODEN = {ASENAH},
   MRCLASS = {32L30 (14J99 32J15)},
  MRNUMBER = {1474805 (98i:32051)},
MRREVIEWER = {M. G. Soares},
       DOI = {10.1016/S0012-9593(97)89932-6},
       URL = {http://dx.doi.org/10.1016/S0012-9593(97)89932-6},
      NOTE = "\href{http://dx.doi.org/10.1016/S0012-9593(97)89932-6}{DOI:10.1016/S0012-9593(97)89932-6}",
}


@article {Hitchin1997,
    AUTHOR = {Hitchin, N.},
     TITLE = {Geometrical aspects of {S}chlesinger's equation},
   JOURNAL = {J. Geom. Phys.},
  FJOURNAL = {Journal of Geometry and Physics},
    VOLUME = {23},
      YEAR = {1997},
    NUMBER = {3-4},
     PAGES = {287--300},
      ISSN = {0393-0440},
     CODEN = {JGPHE5},
   MRCLASS = {32G34 (58D29)},
  MRNUMBER = {1484592},
MRREVIEWER = {William Goldman},
       DOI = {10.1016/S0393-0440(97)80005-8},
       URL = {http://dx.doi.org/10.1016/S0393-0440(97)80005-8},
}


@article {CerveauLoray1998,
    AUTHOR = {Cerveau, D. and Loray, F.},
     TITLE = {Un th\'eor\`eme de {F}robenius singulier via l'arithm\'etique
              \'el\'ementaire},
   JOURNAL = {J. Number Theory},
  FJOURNAL = {Journal of Number Theory},
    VOLUME = {68},
      YEAR = {1998},
    NUMBER = {2},
     PAGES = {217--228},
      ISSN = {0022-314X},
     CODEN = {JNUTA9},
   MRCLASS = {32L30 (11R04 32S40 58F18)},
  MRNUMBER = {1605891 (99e:32057)},
MRREVIEWER = {Sergei Yakovenko},
       DOI = {10.1006/jnth.1997.2202},
       URL = {http://dx.doi.org/10.1006/jnth.1997.2202},
      NOTE = "\href{http://dx.doi.org/10.1006/jnth.1997.2202}{DOI:10.1006/jnth.1997.2202}",
}


@article{LinsNetoSadScardua1998,
    AUTHOR = {L{ins Neto}, A. and Sad, P. and Sc{\'a}rdua, B.},
     TITLE = {On topological rigidity of projective foliations},
   JOURNAL = {Bull. Soc. Math. France},
  FJOURNAL = {Bulletin de la Soci\'et\'e Math\'ematique de France},
    VOLUME = {126},
      YEAR = {1998},
    NUMBER = {3},
     PAGES = {381--406},
      ISSN = {0037-9484},
     CODEN = {BSMFAA},
   MRCLASS = {32G07 (37F75)},
  MRNUMBER = {1682801 (2000b:32027)},
MRREVIEWER = {M. G. Soares},
       URL = {http://www.numdam.org/item?id=BSMF_1998__126_3_381_0},
      NOTE = "\href{http://www.ams.org/mathscinet-getitem?mr=1682801}{MR:1682801}",
}


@article{ShcherbakovRosalesOrtiz1998,
    AUTHOR = {Shcherbakov, A.~A. and R{osales-Gonz{\'a}lez}, E. and
              O{rtiz-Bobadilla}, L.},
     TITLE = {Countable set of limit cycles for the equation $dw/dz=$ {$P_n(z,w)/Q_n(z,w)$}},
   JOURNAL = {J. Dynam. Control Systems},
  FJOURNAL = {Journal of Dynamical and Control Systems},
    VOLUME = {4},
      YEAR = {1998},
    NUMBER = {4},
     PAGES = {539--581},
      ISSN = {1079-2724},
     CODEN = {JDCSEK},
   MRCLASS = {58F21 (34C05)},
  MRNUMBER = {1662926 (99m:58150)},
MRREVIEWER = {Sergei Yakovenko},
       DOI = {10.1023/A:1021819201777},
       URL = {http://dx.doi.org/10.1023/A:1021819201777},
      NOTE = "\href{http://dx.doi.org/10.1023/A:1021819201777}{DOI:10.1023/A:1021819201777}",
}


@article {Loray1999,
    AUTHOR = {Loray, F.},
     TITLE = {Dynamique des groupes d'automorphismes de {${\bf C},0$}},
   JOURNAL = {Bol. Soc. Mat. Mexicana (3)},
  FJOURNAL = {Sociedad Matem\'atica Mexicana. Bolet\'\i n. Tercera Serie},
    VOLUME = {5},
      YEAR = {1999},
    NUMBER = {1},
     PAGES = {1--23},
      ISSN = {1405-213X},
   MRCLASS = {37C85 (32S65 34M99 37F50 37F75)},
  MRNUMBER = {1692471 (2000m:37028)},
MRREVIEWER = {Sergei Yakovenko},
}


@incollection {Mahoux1999,
    AUTHOR = {Mahoux, G.},
     TITLE = {Introduction to the theory of isomonodromic deformations of
              linear ordinary differential equations with rational
              coefficients},
 BOOKTITLE = {The {P}ainlev\'e property: {O}ne century later},
    SERIES = {CRM Ser. Math. Phys.},
     PAGES = {35--76},
 PUBLISHER = {Springer, New York},
      YEAR = {1999},
   MRCLASS = {34M55 (32G34 34M35)},
  MRNUMBER = {1713576},
MRREVIEWER = {Andrei A. Kapaev},
}


@article {CerveauLinsNeto2000,
    AUTHOR = {Cerveau, D. and Lins Neto, A.},
     TITLE = {Hypersurfaces exceptionnelles des endomorphismes de {${\bf
              C}{\rm P}(n)$}},
   JOURNAL = {Bol. Soc. Brasil. Mat. (N.S.)},
  FJOURNAL = {Boletim da Sociedade Brasileira de Matem\'atica. Nova S\'erie},
    VOLUME = {31},
      YEAR = {2000},
    NUMBER = {2},
     PAGES = {155--161},
      ISSN = {0100-3569},
   MRCLASS = {32H50 (32M99)},
  MRNUMBER = {1785266},
       DOI = {10.1007/BF01244241},
       URL = {http://dx.doi.org/10.1007/BF01244241},
      NOTE = "\href{http://dx.doi.org/10.1007/BF01244241}{DOI:10.1007/BF01244241}",
}


@incollection {Korotkin2000,
    AUTHOR = {Korotkin, D.},
     TITLE = {Isomonodromic deformations in genus zero and one:
              algebro-geometric solutions and {S}chlesinger transformations},
 BOOKTITLE = {Integrable systems: from classical to quantum},
    SERIES = {CRM Proc. Lecture Notes},
    VOLUME = {26},
     PAGES = {87--104},
 PUBLISHER = {Amer. Math. Soc., Providence, RI},
      YEAR = {2000},
   MRCLASS = {34M45 (14H42 34A05 37K20 37K35)},
  MRNUMBER = {1791886},
MRREVIEWER = {Andrei A. Kapaev},
}


@article{Mattei2000,
author = "J.-F. Mattei",
title = "Quasi-homogénéité et équiréductibilité de feuilletages holomorphes en dimension 2",
journal = "{Astérisque No.261 (2000), p.253-276}",
}


@article {Pyartli2000,
    AUTHOR = {Pyartli, A.~S.},
     TITLE = {Rational differential equations with commutative monodromy
              group at infinity},
   JOURNAL = {Tr. Mosk. Mat. Obs.},
  FJOURNAL = {Trudy Moskovskogo Matematicheskogo Obshchestva},
    VOLUME = {61},
      YEAR = {2000},
    NUMBER = {},
     PAGES = {75--106},
      ISSN = {0134-8663},
   MRCLASS = {34M35 (32G34)},
  MRNUMBER = {1911688 (2003e:34166)},
MRREVIEWER = {Alexey A. Glutsyuk},
      NOTE = "\href{http://www.ams.org/mathscinet-getitem?mr=1911688}{MR:1911688}"
}


@article {Boalch2001,
    AUTHOR = {Boalch, P.},
     TITLE = {Symplectic manifolds and isomonodromic deformations},
   JOURNAL = {Adv. Math.},
  FJOURNAL = {Advances in Mathematics},
    VOLUME = {163},
      YEAR = {2001},
    NUMBER = {2},
     PAGES = {137--205},
      ISSN = {0001-8708},
     CODEN = {ADMTA4},
   MRCLASS = {53D30 (14H60 34M55 37J35 53D20)},
  MRNUMBER = {1864833},
MRREVIEWER = {Usha N. Bhosle},
       DOI = {10.1006/aima.2001.1998},
       URL = {http://dx.doi.org/10.1006/aima.2001.1998},
}


@article {Bost2001,
    AUTHOR = {Bost, J.-B.},
     TITLE = {Algebraic leaves of algebraic foliations over number fields},
   JOURNAL = {Publ. Math. Inst. Hautes \'Etudes Sci.},
  FJOURNAL = {Publications Math\'ematiques. Institut de Hautes \'Etudes
              Scientifiques},
    NUMBER = {93},
      YEAR = {2001},
     PAGES = {161--221},
      ISSN = {0073-8301},
   MRCLASS = {14G40 (11G35 37F75)},
  MRNUMBER = {1863738},
MRREVIEWER = {Carlo Gasbarri},
       DOI = {10.1007/s10240-001-8191-3},
       URL = {http://dx.doi.org/10.1007/s10240-001-8191-3},
}


@article{Ilyashenko2002,
author = "Yu.~S. Ilyashenko",
title = "Centennial history of Hilbert's 16th problem",
journal = "{Bull. of the American Math. Soc. 39 (2002), no.3, p.301-354}",
}


@article {Krichever2002,
    AUTHOR = {Krichever, I.},
     TITLE = {Isomonodromy equations on algebraic curves, canonical
              transformations and {W}hitham equations},
   JOURNAL = {Mosc. Math. J.},
  FJOURNAL = {Moscow Mathematical Journal},
    VOLUME = {2},
      YEAR = {2002},
    NUMBER = {4},
     PAGES = {717--752, 806},
      ISSN = {1609-3321},
   MRCLASS = {37K05 (14H70 34M55 37K20 37M20)},
  MRNUMBER = {1986088},
MRREVIEWER = {Henrik Aratyn},
}


@article {Kawai2003,
    AUTHOR = {Kawai, S.},
     TITLE = {Isomonodromic deformation of {F}uchsian projective connections
              on elliptic curves},
   JOURNAL = {Nagoya Math. J.},
  FJOURNAL = {Nagoya Mathematical Journal},
    VOLUME = {171},
      YEAR = {2003},
     PAGES = {127--161},
      ISSN = {0027-7630},
     CODEN = {NGMJA2},
   MRCLASS = {32G34 (34M55 37J35)},
  MRNUMBER = {2002016},
MRREVIEWER = {V. A. Golubeva},
       URL = {http://projecteuclid.org/euclid.nmj/1114631913},
}


@article{Marin2003,
    AUTHOR = {Mar{\'{\i}}n, David},
     TITLE = {Moduli spaces of germs of holomorphic foliations in the plane},
   JOURNAL = {Comment. Math. Helv.},
  FJOURNAL = {Commentarii Mathematici Helvetici},
    VOLUME = {78},
      YEAR = {2003},
    NUMBER = {3},
     PAGES = {518--539},
      ISSN = {0010-2571},
     CODEN = {COMHAX},
   MRCLASS = {32S65 (34M35 37F75)},
  MRNUMBER = {1998392 (2004i:32052)},
MRREVIEWER = {Bruno A. Sc{\'a}rdua},
       DOI = {10.1007/s00014-003-0771-z},
       URL = {http://dx.doi.org/10.1007/s00014-003-0771-z},
      NOTE = "\href{http://dx.doi.org/10.1007/s00014-003-0771-z}{DOI:10.1007/s00014-003-0771-z}",
}


@article {Brunella2004a,
    AUTHOR = {Brunella, M.},
     TITLE = {Complete polynomial vector fields on the complex plane},
   JOURNAL = {Topology},
  FJOURNAL = {Topology. An International Journal of Mathematics},
    VOLUME = {43},
      YEAR = {2004},
    NUMBER = {2},
     PAGES = {433--445},
      ISSN = {0040-9383},
     CODEN = {TPLGAF},
   MRCLASS = {32M25 (32S65 34M45 37F75)},
  MRNUMBER = {2052971 (2005b:32049)},
MRREVIEWER = {Bruno A. Sc{\'a}rdua},
       DOI = {10.1016/S0040-9383(03)00050-8},
       URL = {http://dx.doi.org/10.1016/S0040-9383(03)00050-8},
      NOTE = "\href{http://dx.doi.org/10.1016/S0040-9383(03)00050-8}{DOI:10.1016/S0040-9383(03)00050-8}",
}


@article {Guillot2004,
    AUTHOR = {Guillot, A.},
     TITLE = {Un th\'eor\`eme de point fixe pour les endomorphismes de
              l'espace projectif avec des applications aux feuilletages
              alg\'ebriques},
   JOURNAL = {Bull. Braz. Math. Soc. (N.S.)},
  FJOURNAL = {Bulletin of the Brazilian Mathematical Society. New Series.
              Boletim da Sociedade Brasileira de Matem\'atica},
    VOLUME = {35},
      YEAR = {2004},
    NUMBER = {3},
     PAGES = {345--362},
      ISSN = {1678-7544},
   MRCLASS = {32S65 (57R25 57R30)},
  MRNUMBER = {2106309 (2006a:32039)},
MRREVIEWER = {M. G. Soares},
       DOI = {10.1007/s00574-004-0018-7},
       URL = {http://dx.doi.org/10.1007/s00574-004-0018-7},
      NOTE = "\href{http://dx.doi.org/10.1007/s00574-004-0018-7}{DOI:10.1007/s00574-004-0018-7}",
}


@article{OrtizRosalesVoronin2005,
author = "L. Ortiz-Bobadilla and E. Rosales-González and S. Voronin",
title = "Rigidity theorem for degenerated singular points of germs of dicritic holomorphic vector fields in the complex plane",
journal = "{Mosc. Math. J., 5, no.1 (2005), p.171-206}",
}


@article{Pyartli2006,
    AUTHOR = {Pyartli, A.~S.},
     TITLE = {Quadratic vector fields on {$\mathbb{C}{\rm P}^2$} with a
              solvable monodromy group at infinity},
   JOURNAL = {Tr. Mat. Inst. Steklova},
  FJOURNAL = {Trudy Matematicheskogo Instituta Imeni V. A. Steklova.
              Rossi\u\i skaya Akademiya Nauk},
    VOLUME = {254},
      YEAR = {2006},
    NUMBER = {Nelinein. Anal. Differ. Uravn.},
     PAGES = {130--161},
      ISSN = {0371-9685},
   MRCLASS = {37F75 (32M25 34M15 34M35)},
  MRNUMBER = {2301002 (2009b:37092)},
MRREVIEWER = {Arseniy A. Shcherbakov},
      NOTE = "\href{http://www.ams.org/mathscinet-getitem?mr=2301002}{MR:2301002}"
}


@article {InabaIwasakiSaito2006,
    AUTHOR = {Inaba, M. and Iwasaki, K. and Saito, M.},
     TITLE = {Moduli of stable parabolic connections, {R}iemann-{H}ilbert
              correspondence and geometry of {P}ainlev\'e equation of type
              {VI}. {I}},
   JOURNAL = {Publ. Res. Inst. Math. Sci.},
  FJOURNAL = {Kyoto University. Research Institute for Mathematical
              Sciences. Publications},
    VOLUME = {42},
      YEAR = {2006},
    NUMBER = {4},
     PAGES = {987--1089},
      ISSN = {0034-5318},
     CODEN = {KRMPBV},
   MRCLASS = {32G34 (14D20 34M55 37J35 37K35 53D30)},
  MRNUMBER = {2289083},
MRREVIEWER = {Emma Previato},
       URL = {http://projecteuclid.org/euclid.prims/1166642194},
}


@article{Shcherbakov2006,
    AUTHOR = {Shcherbakov, A.~A.},
     TITLE = {The dynamics of local groups of conformal mappings and the
              generic properties of differential equations on {$\Bbb C\sp
              2$}},
   JOURNAL = {Tr. Mat. Inst. Steklova},
  FJOURNAL = {Trudy Matematicheskogo Instituta Imeni V. A. Steklova.
              Rossi\u\i skaya Akademiya Nauk},
    VOLUME = {254},
      YEAR = {2006},
    NUMBER = {Nelinein. Anal. Differ. Uravn.},
     PAGES = {111--129},
      ISSN = {0371-9685},
   MRCLASS = {37F75 (32S65 34C05 37C20 37C85)},
  MRNUMBER = {2301001 (2009h:37101)},
}


@article {DubrovinMazzocco2007,
    AUTHOR = {Dubrovin, B. and Mazzocco, M.},
     TITLE = {Canonical structure and symmetries of the {S}chlesinger
              equations},
   JOURNAL = {Comm. Math. Phys.},
  FJOURNAL = {Communications in Mathematical Physics},
    VOLUME = {271},
      YEAR = {2007},
    NUMBER = {2},
     PAGES = {289--373},
      ISSN = {0010-3616},
     CODEN = {CMPHAY},
   MRCLASS = {32G34 (14D05 34M50 34M55 37J35 37K20)},
  MRNUMBER = {2287909},
MRREVIEWER = {Andrei A. Kapaev},
       DOI = {10.1007/s00220-006-0165-3},
       URL = {http://dx.doi.org/10.1007/s00220-006-0165-3},
}


@article {CerveauLinsNeto2008,
    AUTHOR = {Cerveau, D. and Lins Neto, A.},
     TITLE = {Frobenius theorem for foliations on singular varieties},
   JOURNAL = {Bull. Braz. Math. Soc. (N.S.)},
  FJOURNAL = {Bulletin of the Brazilian Mathematical Society. New Series.
              Boletim da Sociedade Brasileira de Matem\'atica},
    VOLUME = {39},
      YEAR = {2008},
    NUMBER = {3},
     PAGES = {447--469},
      ISSN = {1678-7544},
   MRCLASS = {32S65},
  MRNUMBER = {2473858 (2010d:32032)},
MRREVIEWER = {Bruno A. Sc{\'a}rdua},
       DOI = {10.1007/s00574-008-0016-2},
       URL = {http://dx.doi.org/10.1007/s00574-008-0016-2},
}


@article {Hurtubise2008,
    AUTHOR = {Hurtubise, J.},
     TITLE = {On the geometry of isomonodromic deformations},
   JOURNAL = {J. Geom. Phys.},
  FJOURNAL = {Journal of Geometry and Physics},
    VOLUME = {58},
      YEAR = {2008},
    NUMBER = {10},
     PAGES = {1394--1406},
      ISSN = {0393-0440},
     CODEN = {JGPHE5},
   MRCLASS = {32G34 (34M56 37K20)},
  MRNUMBER = {2453672},
MRREVIEWER = {Armando K. Treibich},
       DOI = {10.1016/j.geomphys.2008.05.013},
       URL = {http://dx.doi.org/10.1016/j.geomphys.2008.05.013},
}


@article{OrtizRosalesVoronin2008,
author = "L. Ortiz-Bobadilla and E. Rosales-González and S. Voronin",
title = "Extended holonomy and topological invariance of vanishing holonomy group",
journal = "{J. Dynam. Control Syst., vol.14, no.3 (2008), p.299-358}",
}


@article {LorayVanDerPutUlmer2008,
    AUTHOR = {Loray, F. and van der Put, M. and Ulmer, F.},
     TITLE = {The {L}am\'e family of connections on the projective line},
   JOURNAL = {Ann. Fac. Sci. Toulouse Math. (6)},
  FJOURNAL = {Annales de la Facult\'e des Sciences de Toulouse.
              Math\'ematiques. S\'erie 6},
    VOLUME = {17},
      YEAR = {2008},
    NUMBER = {2},
     PAGES = {371--409},
      ISSN = {0240-2963},
   MRCLASS = {34M15 (14H30 34M35)},
  MRNUMBER = {2487859},
MRREVIEWER = {Teresa Crespo},
       URL = {http://afst.cedram.org/item?id=AFST_2008_6_17_2_371_0},
}


@article {CantatLoray2009,
    AUTHOR = {Cantat, S. and Loray, F.},
     TITLE = {Dynamics on character varieties and {M}algrange irreducibility
              of {P}ainlev\'e {VI} equation},
   JOURNAL = {Ann. Inst. Fourier (Grenoble)},
  FJOURNAL = {Universit\'e de Grenoble. Annales de l'Institut Fourier},
    VOLUME = {59},
      YEAR = {2009},
    NUMBER = {7},
     PAGES = {2927--2978},
      ISSN = {0373-0956},
     CODEN = {AIFUA7},
   MRCLASS = {37F75 (20C15 34M55 57M50)},
  MRNUMBER = {2649343},
MRREVIEWER = {Dmitrii Petrovich Novikov},
       URL = {http://aif.cedram.org/item?id=AIF_2009__59_7_2927_0},
}


@article {Heu2009,
    AUTHOR = {Heu, V.},
     TITLE = {Stability of rank 2 vector bundles along isomonodromic
              deformations},
   JOURNAL = {Math. Ann.},
  FJOURNAL = {Mathematische Annalen},
    VOLUME = {344},
      YEAR = {2009},
    NUMBER = {2},
     PAGES = {463--490},
      ISSN = {0025-5831},
     CODEN = {MAANA},
   MRCLASS = {14D05 (14H60 32G15 34M56)},
  MRNUMBER = {2495779},
MRREVIEWER = {S. Dimiev},
       DOI = {10.1007/s00208-008-0316-2},
       URL = {http://dx.doi.org/10.1007/s00208-008-0316-2},
}


@article {Mano2009,
    AUTHOR = {Mano, T.},
     TITLE = {Studies on monodromy preserving deformation of linear
              differential equations on elliptic curves},
   JOURNAL = {J. Math. Phys.},
  FJOURNAL = {Journal of Mathematical Physics},
    VOLUME = {50},
      YEAR = {2009},
    NUMBER = {10},
     PAGES = {103501, 21},
      ISSN = {0022-2488},
     CODEN = {JMAPAQ},
   MRCLASS = {34M56 (32G34 33E05 34M30)},
  MRNUMBER = {2573133},
MRREVIEWER = {Dmitry V. Artamonov},
       DOI = {10.1063/1.3204973},
       URL = {http://dx.doi.org/10.1063/1.3204973},
}


@article {Brunella2010,
    AUTHOR = {Brunella, M.},
     TITLE = {Codimension one foliations on complex tori},
   JOURNAL = {Ann. Fac. Sci. Toulouse Math. (6)},
  FJOURNAL = {Annales de la Facult\'e des Sciences de Toulouse.
              Math\'ematiques. S\'erie 6},
    VOLUME = {19},
      YEAR = {2010},
    NUMBER = {2},
     PAGES = {405--418},
      ISSN = {0240-2963},
   MRCLASS = {32S65 (37F75)},
  MRNUMBER = {2674768 (2012j:32033)},
       URL = {http://afst.cedram.org/item?id=AFST_2010_6_19_2_405_0},
}


@article {GenzmerTeyssier2010,
    AUTHOR = {Genzmer, Y. and Teyssier, L.},
     TITLE = {Existence of non-algebraic singularities of differential
              equation},
   JOURNAL = {J. Differential Equations},
  FJOURNAL = {Journal of Differential Equations},
    VOLUME = {248},
      YEAR = {2010},
    NUMBER = {5},
     PAGES = {1256--1267},
      ISSN = {0022-0396},
     CODEN = {JDEQAK},
   MRCLASS = {34M35 (34M15)},
  MRNUMBER = {2592888 (2011g:34211)},
MRREVIEWER = {Jes{\'u}s Muci{\~n}o-Raymundo},
       DOI = {10.1016/j.jde.2009.10.001},
       URL = {http://dx.doi.org/10.1016/j.jde.2009.10.001},
      NOTE = "\href{http://dx.doi.org/10.1016/j.jde.2009.10.001}{DOI:10.1016/j.jde.2009.10.001}",
}


@article {Heu2010,
    AUTHOR = {Heu, V.},
     TITLE = {Universal isomonodromic deformations of meromorphic rank 2
              connections on curves},
   JOURNAL = {Ann. Inst. Fourier (Grenoble)},
  FJOURNAL = {Universit\'e de Grenoble. Annales de l'Institut Fourier},
    VOLUME = {60},
      YEAR = {2010},
    NUMBER = {2},
     PAGES = {515--549},
      ISSN = {0373-0956},
     CODEN = {AIFUA7},
   MRCLASS = {34M56 (32G08 32G34)},
  MRNUMBER = {2667785},
MRREVIEWER = {Andrei A. Kapaev},
       URL = {http://aif.cedram.org/item?id=AIF_2010__60_2_515_0},
}


@article {NakaiYanai2010,
    AUTHOR = {Nakai, I. and Yanai, K.},
     TITLE = {Relations of formal diffeomorphisms and the center problem},
   JOURNAL = {Mosc. Math. J.},
  FJOURNAL = {Moscow Mathematical Journal},
    VOLUME = {10},
      YEAR = {2010},
    NUMBER = {2},
     PAGES = {415--468, 480},
      ISSN = {1609-3321},
   MRCLASS = {37F75 (34A26 34C07)},
  MRNUMBER = {2722805 (2012i:37073)},
MRREVIEWER = {Y. Yomdin},
}


@article{IlyashenkoMoldavskis2011,
    AUTHOR = {Ilyashenko, Yu.~S. and Moldavskis, V.},
     TITLE = {Total rigidity of generic quadratic vector fields},
   JOURNAL = {Mosc. Math. J.},
  FJOURNAL = {Moscow Mathematical Journal},
    VOLUME = {11},
      YEAR = {2011},
    NUMBER = {3},
     PAGES = {521--530, 630},
      ISSN = {1609-3321},
   MRCLASS = {37F75},
  MRNUMBER = {2894428},
      NOTE = "\href{http://www.ams.org/mathscinet-getitem?mr=2894428}{MR:2894428}",
}


@article {Teyssier2011,
    AUTHOR = {Teyssier, L.},
     TITLE = {An example of a topologically non-rigid foliation of the
              complex projective plane},
   JOURNAL = {Int. Math. Res. Not. IMRN},
  FJOURNAL = {International Mathematics Research Notices. IMRN},
      YEAR = {2011},
    NUMBER = {18},
     PAGES = {4089--4104},
      ISSN = {1073-7928},
   MRCLASS = {37F75 (32S65)},
  MRNUMBER = {2836015 (2012j:37077)},
MRREVIEWER = {Xianghong Gong},
       DOI = {10.1093/imrn/rnq246},
       URL = {http://dx.doi.org/10.1093/imrn/rnq246},
      NOTE = "\href{http://dx.doi.org/10.1093/imrn/rnq246}{DOI:10.1093/imrn/rnq246}",
}


@article {LinsNeto2012,
    AUTHOR = {Lins Neto, A.},
     TITLE = {Fibers of the {B}aum-{B}ott map for foliations of degree two
              on {${\mathbb{P}}^2$}},
   JOURNAL = {Bull. Braz. Math. Soc. (N.S.)},
  FJOURNAL = {Bulletin of the Brazilian Mathematical Society. New Series.
              Boletim da Sociedade Brasileira de Matem\'atica},
    VOLUME = {43},
      YEAR = {2012},
    NUMBER = {1},
     PAGES = {129--169},
      ISSN = {1678-7544},
   MRCLASS = {37F75 (34M15)},
  MRNUMBER = {2909926},
       DOI = {10.1007/s00574-012-0008-0},
       URL = {http://dx.doi.org/10.1007/s00574-012-0008-0},
      NOTE = "\href{http://dx.doi.org/10.1007/s00574-012-0008-0}{DOI:10.1007/s00574-012-0008-0}",
}


@article {OrtizRosalesVoronin2012,
    AUTHOR = {Ortiz-Bobadilla, L. and Rosales-Gonz{\'a}lez, E. and Voronin,
              S.~M.},
     TITLE = {Thom's problem for degenerate singular points of holomorphic
              foliations in the plane},
   JOURNAL = {Mosc. Math. J.},
  FJOURNAL = {Moscow Mathematical Journal},
    VOLUME = {12},
      YEAR = {2012},
    NUMBER = {4},
     PAGES = {825--862, 885},
      ISSN = {1609-3321},
   MRCLASS = {32S65 (34M35 37F75 57R30)},
  MRNUMBER = {3076858},
      NOTE = "\href{http://www.ams.org/mathscinet-getitem?mr=3076858}{MR:3076858}",
}


@article {Bost2013,
    AUTHOR = {Bost, J.-B.},
     TITLE = {Algebraization, transcendence, and {$D$}-group schemes},
   JOURNAL = {Notre Dame J. Form. Log.},
  FJOURNAL = {Notre Dame Journal of Formal Logic},
    VOLUME = {54},
      YEAR = {2013},
    NUMBER = {3-4},
     PAGES = {377--434},
      ISSN = {0029-4527},
   MRCLASS = {11G25 (11J81 12H05 14B20 14F40 14K15)},
  MRNUMBER = {3091663},
MRREVIEWER = {{\'E}ric Gaudron},
       DOI = {10.1215/00294527-2143961},
       URL = {http://dx.doi.org/10.1215/00294527-2143961},
}


@article {Casale2013,
    AUTHOR = {Casale, G.},
     TITLE = {Simple meromorphic functions are algebraic},
   JOURNAL = {Bull. Braz. Math. Soc. (N.S.)},
  FJOURNAL = {Bulletin of the Brazilian Mathematical Society. New Series.
              Boletim da Sociedade Brasileira de Matem\'atica},
    VOLUME = {44},
      YEAR = {2013},
    NUMBER = {2},
     PAGES = {309--319},
      ISSN = {1678-7544},
   MRCLASS = {32S65 (14E05)},
  MRNUMBER = {3077646},
MRREVIEWER = {Gabriel Calsamiglia},
       DOI = {10.1007/s00574-013-0015-9},
       URL = {http://dx.doi.org/10.1007/s00574-013-0015-9},
      NOTE = "\href{http://dx.doi.org/10.1007/s00574-013-0015-9}{DOI:10.1007/s00574-013-0015-9}",
}


@article {Diarra2013,
    AUTHOR = {Diarra, K.},
     TITLE = {Construction et classification de certaines solutions
              alg\'ebriques des syst\`emes de {G}arnier},
   JOURNAL = {Bull. Braz. Math. Soc. (N.S.)},
  FJOURNAL = {Bulletin of the Brazilian Mathematical Society. New Series.
              Boletim da Sociedade Brasileira de Matem\'atica},
    VOLUME = {44},
      YEAR = {2013},
    NUMBER = {1},
     PAGES = {129--154},
      ISSN = {1678-7544},
   MRCLASS = {34M56 (34M55)},
  MRNUMBER = {3077637},
MRREVIEWER = {Dmitry V. Artamonov},
       DOI = {10.1007/s00574-013-0006-x},
       URL = {http://dx.doi.org/10.1007/s00574-013-0006-x},
}


@article {InabaSaito2013,
    AUTHOR = {Inaba, M. and Saito, M.},
     TITLE = {Moduli of unramified irregular singular parabolic connections
              on a smooth projective curve},
   JOURNAL = {Kyoto J. Math.},
  FJOURNAL = {Kyoto Journal of Mathematics},
    VOLUME = {53},
      YEAR = {2013},
    NUMBER = {2},
     PAGES = {433--482},
      ISSN = {2156-2261},
   MRCLASS = {14D20 (34M55 34M56)},
  MRNUMBER = {3079310},
MRREVIEWER = {Fortun{\'e} Massamba},
       DOI = {10.1215/21562261-2081261},
       URL = {http://dx.doi.org/10.1215/21562261-2081261},
}


@article {TeymuriMafraScardua2013,
    AUTHOR = {Teymuri Garakani, M. and Mafra, A. and Sc{\'a}rdua, B.},
     TITLE = {On topological rigidity of phase-portraits in the complex
              plane},
   JOURNAL = {Bol. Soc. Mat. Mexicana (3)},
  FJOURNAL = {Sociedad Matem\'atica Mexicana. Bolet\'\i n. Tercera Serie},
    VOLUME = {19},
      YEAR = {2013},
    NUMBER = {1},
     PAGES = {65--83},
      ISSN = {1405-213X},
   MRCLASS = {32M25 (32S65 34C07 57R30)},
  MRNUMBER = {3097943},
      NOTE = "\href{http://www.ams.org/mathscinet-getitem?mr=3097943}{MR:3097943}",
}


@incollection {Abate2014,
    AUTHOR = {Abate, M.},
     TITLE = {Index theorems for meromorphic self-maps of the projective
              space},
 BOOKTITLE = {Frontiers in complex dynamics},
    SERIES = {Princeton Math. Ser.},
    VOLUME = {51},
     PAGES = {451--461},
 PUBLISHER = {Princeton Univ. Press, Princeton, NJ},
      YEAR = {2014},
   MRCLASS = {32H50 (37B30 37F10)},
  MRNUMBER = {3289918},
      NOTE = "\href{http://www.ams.org/mathscinet-getitem?mr=3289918}{MR:3289918}. Preprint available at 
	      \href{http://arxiv.org/abs/1106.2394}{arXiv:1106.2394}",
}


@article{CalsamigliaSad2014,
    AUTHOR = {Calsamiglia, G. and Sad, P.},
     TITLE = {Extension of germs of holomorphic foliations},
   JOURNAL = {\normalfont \href{http://arxiv.org/abs/1407.8111}{arXiv:1407.8111v1} [math.CV]},
      YEAR = {2014},
}


@article {Cousin2014,
    AUTHOR = {Cousin, G.},
     TITLE = {Un exemple de feuilletage modulaire d\'eduit d'une solution
              alg\'ebrique de l'\'equation de {P}ainlev\'e {VI}},
   JOURNAL = {Ann. Inst. Fourier (Grenoble)},
  FJOURNAL = {Universit\'e de Grenoble. Annales de l'Institut Fourier},
    VOLUME = {64},
      YEAR = {2014},
    NUMBER = {2},
     PAGES = {699--737},
      ISSN = {0373-0956},
   MRCLASS = {34M56 (14G35 53B10)},
  MRNUMBER = {3330920},
MRREVIEWER = {Dmitry V. Artamonov},
       URL = {http://aif.cedram.org/item?id=AIF_2014__64_2_699_0},
}

@article{ClaudonLorayPereiraTouzet2015,
    AUTHOR = {Claudon, B. and Loray, F. and Pereira, J.V. and Touzet, F.},
     TITLE = {Compact leaves of codimension one holomorphic foliations on projective manifolds},
   JOURNAL = {\normalfont \href{http://arxiv.org/abs/1512.06623}{arXiv:1512.06623v1} [math.AG]},
      YEAR = {2015},
}


@article {LoraySaito2015,
    AUTHOR = {Loray, F. and Saito, M.},
     TITLE = {Lagrangian fibrations in duality on moduli spaces of rank 2
              logarithmic connections over the projective line},
   JOURNAL = {Int. Math. Res. Not. IMRN},
  FJOURNAL = {International Mathematics Research Notices. IMRN},
      YEAR = {2015},
    NUMBER = {4},
     PAGES = {995--1043},
      ISSN = {1073-7928},
   MRCLASS = {14D20 (32G20 32G34 53D12)},
  MRNUMBER = {3340345},
MRREVIEWER = {Nicolae Manolache},
}


@article {Girand2016,
    AUTHOR = {Girand, A.},
     TITLE = {A new two-parameter family of isomonodromic deformations over
              the five punctured sphere},
   JOURNAL = {Bull. Soc. Math. France},
  FJOURNAL = {Bulletin de la Soci\'et\'e Math\'ematique de France},
    VOLUME = {144},
      YEAR = {2016},
    NUMBER = {2},
     PAGES = {339--368},
      ISSN = {0037-9484},
   MRCLASS = {14Dxx (32S40 34M56 37F75)},
  MRNUMBER = {3499084},
}


@article {Loray2016,
    AUTHOR = {Loray, F.},
     TITLE = {Isomonodromic deformations of {L}am\'e connections, the
              {P}ainlev\'e {VI} equation and {O}kamoto symmetry},
   JOURNAL = {Izv. Ross. Akad. Nauk Ser. Mat.},
  FJOURNAL = {Rossi\u\i skaya Akademiya Nauk. Izvestiya. Seriya
              Matematicheskaya},
    VOLUME = {80},
      YEAR = {2016},
    NUMBER = {1},
     PAGES = {119--176},
      ISSN = {0373-2436},
   MRCLASS = {34M56 (34M55)},
  MRNUMBER = {3462678},
MRREVIEWER = {Dmitry V. Artamonov},
       DOI = {10.4213/im8310},
       URL = {http://dx.doi.org/10.4213/im8310},
}


@article {GoncharukKudryashov2017,
    AUTHOR = {Goncharuk, N. and Kudryashov, Y.},
     TITLE = {Bounded limit cycles of polynomial foliations of
              {$\mathbb{C}^2$}},
   JOURNAL = {Bull. Braz. Math. Soc. (N.S.)},
  FJOURNAL = {Bulletin of the Brazilian Mathematical Society. New Series.
              Boletim da Sociedade Brasileira de Matem\'atica},
    VOLUME = {48},
      YEAR = {2017},
    NUMBER = {1},
     PAGES = {63--83},
      ISSN = {1678-7544},
   MRCLASS = {37F75 (32M25 34M35)},
  MRNUMBER = {3623762},
       DOI = {10.1007/s00574-016-0005-9},
       URL = {http://dx.doi.org/10.1007/s00574-016-0005-9},
      NOTE = "\href{http://dx.doi.org/10.1007/s00574-016-0005-9}{DOI:10.1007/s00574-016-0005-9}",
       }


%
%%%MY PAPERS%%%
%

@article{StrongTopoInvariance,
    AUTHOR = {Ram\'{i}rez, V.},
     TITLE = {Strong topological invariance of the monodromy group at infinity for quadratic vector fields},
   JOURNAL = {J. Singul.},
  FJOURNAL = {Journal of Singularities},
    VOLUME = {9},
      YEAR = {2014},
     PAGES = {193--202},
      ISSN = {1949-2006},
   MRCLASS = {37F10 (37F75)},
  MRNUMBER = {3249057},
MRREVIEWER = {Jasmin Raissy},
       DOI = {10.5427/jsing.2014.9n},
       URL = {http://dx.doi.org/10.5427/jsing.2014.9n},
      NOTE = "\href{http://dx.doi.org/10.5427/jsing.2014.9n}{DOI:10.5427/jsing.2014.9n}",
}


@article{UtmostRigidity,
    AUTHOR = {Ram\'{i}rez, V.},
     TITLE = {The utmost rigidity property for quadratic foliations on $\mathbb{P}^2$ with an invariant line},
   JOURNAL = {Bol. Soc. Mat. Mex.},
  FJOURNAL = {Bolet\'{i}n de la Sociedad Matem\'{a}tica Mexicana},
      YEAR = {2016},
     PAGES = {1--55},
      ISSN = {2296-4495},
   MRCLASS = {37F75},
       DOI = {10.1007/s40590-016-0127-5},
       URL = {http://dx.doi.org/10.1007/s40590-016-0127-5},
      NOTE = "\href{http://dx.doi.org/10.1007/s40590-016-0127-5}{DOI:10.1007/s40590-016-0127-5}",
}

@article{Example,
    AUTHOR = {Ram\'{i}rez, V.},
     TITLE = {An example of a non-algebraizable singularity of a holomorphic foliation},
   JOURNAL = {Enseign. Math.},
  FJOURNAL = {L'Enseignement Math\'{e}matique},
    VOLUME = {62},
      YEAR = {2016},
     ISSUE = {1/2},
     PAGES = {7--14},
       DOI = {10.4171/LEM/62-1/2-3},
       URL = {http://dx.doi.org/10.4171/LEM/62-1/2-3},
      NOTE = "\href{http://dx.doi.org/10.4171/LEM/62-1/2-3}{DOI:10.4171/LEM/62-1/2-3}",
}


@article{TwinVectorFields,
    AUTHOR = {Ram\'{i}rez, V.},
     TITLE = {Twin vector fields and independence of spectra for quadratic vector fields},
   JOURNAL = {J. Dynam. Control Syst.},
  FJOURNAL = {Journal of Dynamical and Control Systems},
      YEAR = {2016},
     PAGES = {1--11},
      ISSN = {1573-8698},
   MRCLASS = {37F75},
       DOI = {10.1007/s10883-016-9344-5},
       URL = {http://dx.doi.org/10.1007/s10883-016-9344-5},
      NOTE = "\href{http://dx.doi.org/10.1007/s10883-016-9344-5}{DOI:10.1007/s10883-016-9344-5}",
}


@article{WoodsHole,
    AUTHOR = {Ram\'{i}rez, V.},
     TITLE = {The Woods Hole trace formula and indices for vector fields and foliations on $\mathbb{C}^2$},
   JOURNAL = {\normalfont \href{http://arxiv.org/abs/1608.05321}{arXiv:1608.05321v1} [math.CV]},
      YEAR = {2016},
}


@article{NoIndexTheorems,
    AUTHOR = {Kudryashov, Y. and Ram\'{i}rez, V.},
     TITLE = {There are no new index theorems for generic quadratic vector fields on $\mathbb{C}^2$},
   JOURNAL = {In preparation},
}


%%%

%ARXIV      NOTE = "\href{http://arxiv.org/abs/}{arXiv:}",
  %DOI      NOTE = "\href{http://dx.doi.org/}{DOI:}",
   %MR      NOTE = "\href{http://www.ams.org/mathscinet-getitem?mr=}{MR:}",





