%% Bib file for PhD thesis


@incollection {BaumBott1970,
    AUTHOR = {Baum, P. and Bott, R.},
     TITLE = {On the zeros of meromorphic vector-fields},
 BOOKTITLE = {Essays on {T}opology and {R}elated {T}opics ({M}\'emoires d\'edi\'es
              \`a {G}eorges de {R}ham)},
     PAGES = {29--47},
 PUBLISHER = {Springer, New York},
      YEAR = {1970},
   MRCLASS = {57.60 (32.00)},
  MRNUMBER = {0261635},
MRREVIEWER = {H. Suzuki},
      NOTE = "\href{http://www.ams.org/mathscinet-getitem?mr=0261635}{MR:0261635}",
}

@article {BelliartLiousseLoray1997,
    AUTHOR = {Belliart, M. and Liousse, I. and Loray, F.},
     TITLE = {Sur l'existence de points fixes attractifs pour les
              sous-groupes de {${\rm Aut}({\bf C}_{,0})$}},
   JOURNAL = {C. R. Acad. Sci. Paris S\'er. I Math.},
  FJOURNAL = {Comptes Rendus de l'Acad\'emie des Sciences. S\'erie I.
              Math\'ematique},
    VOLUME = {324},
      YEAR = {1997},
    NUMBER = {4},
     PAGES = {443--446},
      ISSN = {0764-4442},
   MRCLASS = {58F23 (30D05)},
  MRNUMBER = {1440964},
MRREVIEWER = {J. S. Joel},
       DOI = {10.1016/S0764-4442(97)80083-3},
       URL = {http://dx.doi.org/10.1016/S0764-4442(97)80083-3},
      NOTE = "\href{http://dx.doi.org/10.1016/S0764-4442(97)80083-3}{DOI:10.1016/S0764-4442(97)80083-3}",
}

@book {Brunella2004b,
    AUTHOR = {Brunella, Marco},
     TITLE = {Birational geometry of foliations},
    SERIES = {Publica\c c\~oes Matem\'aticas do IMPA},
 PUBLISHER = {Instituto de Matem\'atica Pura e Aplicada (IMPA), Rio de
              Janeiro},
      YEAR = {2004},
     PAGES = {iv+138},
      ISBN = {85-244-0219-9},
   MRCLASS = {32S65 (14E05 37F75)},
  MRNUMBER = {1948251 (2004g:14018)},
MRREVIEWER = {Frank Loray},
      NOTE = "\href{http://www.ams.org/mathscinet-getitem?mr=1948251}{MR:1948251}",
}

@article {CamachoSad1982,
    AUTHOR = {Camacho, C. and Sad, P.},
     TITLE = {Invariant varieties through singularities of holomorphic
              vector fields},
   JOURNAL = {Ann. of Math. (2)},
  FJOURNAL = {Annals of Mathematics. Second Series},
    VOLUME = {115},
      YEAR = {1982},
    NUMBER = {3},
     PAGES = {579--595},
      ISSN = {0003-486X},
     CODEN = {ANMAAH},
   MRCLASS = {58F18 (57R99 58A17 58F14)},
  MRNUMBER = {657239 (83m:58062)},
MRREVIEWER = {Robert Roussarie},
       DOI = {10.2307/2007013},
       URL = {http://dx.doi.org/10.2307/2007013},
      NOTE = "\href{http://dx.doi.org/10.2307/2007013}{DOI:10.2307/2007013}",
}

@book {GriffithsHarris1994,
    AUTHOR = {Griffiths, Phillip and Harris, Joseph},
     TITLE = {Principles of algebraic geometry},
    SERIES = {Wiley Classics Library},
 PUBLISHER = {John Wiley \& Sons, Inc., New York},
      YEAR = {1994},
     PAGES = {xiv+813},
      ISBN = {0-471-05059-8},
   MRCLASS = {14-01},
  MRNUMBER = {1288523 (95d:14001)},
       DOI = {10.1002/9781118032527},
       URL = {http://dx.doi.org/10.1002/9781118032527},
      NOTE = "\href{http://dx.doi.org/10.1002/9781118032527}{DOI:10.1002/9781118032527}",
}

@article {GoncharukKudryashov2017,
    AUTHOR = {Goncharuk, N. and Kudryashov, Y.},
     TITLE = {Bounded limit cycles of polynomial foliations of
              {$\mathbb{C}^2$}},
   JOURNAL = {Bull. Braz. Math. Soc. (N.S.)},
  FJOURNAL = {Bulletin of the Brazilian Mathematical Society. New Series.
              Boletim da Sociedade Brasileira de Matem\'atica},
    VOLUME = {48},
      YEAR = {2017},
    NUMBER = {1},
     PAGES = {63--83},
      ISSN = {1678-7544},
   MRCLASS = {37F75 (32M25 34M35)},
  MRNUMBER = {3623762},
       DOI = {10.1007/s00574-016-0005-9},
       URL = {http://dx.doi.org/10.1007/s00574-016-0005-9},
      NOTE = "\href{http://dx.doi.org/10.1007/s00574-016-0005-9}{DOI:10.1007/s00574-016-0005-9}",
}
       
@book {GomezMontOrtiz2004,
    AUTHOR = {G{\'o}mez-Mont, Xavier and O{rtiz-Bobadilla}, Laura},
     TITLE = {Sistemas din\'amicos holomorfos en superficies \textnormal{(Spanish)}},
   EDITION = {2nd},
    SERIES = {Aportaciones Matem\'aticas: Notas de Investigaci\'on},
    VOLUME = {3},
 PUBLISHER = {Sociedad Matem\'atica Mexicana},
   ADDRESS = {M\'exico},
      YEAR = {2004},
     PAGES = {iv+207},
      ISBN = {968-36-0767-5},
   MRCLASS = {32L30 (32-01 58F18)},
  MRNUMBER = {1304495 (95j:32046)},
MRREVIEWER = {Dominique Cerveau},
      NOTE = "\href{http://www.ams.org/mathscinet-getitem?mr=1304495}{MR:1304495}",
}

@article {Guillot2004,
    AUTHOR = {Guillot, A.},
     TITLE = {Un th\'eor\`eme de point fixe pour les endomorphismes de
              l'espace projectif avec des applications aux feuilletages
              alg\'ebriques},
   JOURNAL = {Bull. Braz. Math. Soc. (N.S.)},
  FJOURNAL = {Bulletin of the Brazilian Mathematical Society. New Series.
              Boletim da Sociedade Brasileira de Matem\'atica},
    VOLUME = {35},
      YEAR = {2004},
    NUMBER = {3},
     PAGES = {345--362},
      ISSN = {1678-7544},
   MRCLASS = {32S65 (57R25 57R30)},
  MRNUMBER = {2106309 (2006a:32039)},
MRREVIEWER = {M. G. Soares},
       DOI = {10.1007/s00574-004-0018-7},
       URL = {http://dx.doi.org/10.1007/s00574-004-0018-7},
      NOTE = "\href{http://dx.doi.org/10.1007/s00574-004-0018-7}{DOI:10.1007/s00574-004-0018-7}",
}

@article {HudaiVerenov1962,
    AUTHOR = {Huda\u\i -Verenov, M.~G.},
     TITLE = {A property of the solutions of a differential equation},
   JOURNAL = {Mat. Sb. (N.S.)},
    VOLUME = {56 (98)},
      YEAR = {1962},
     PAGES = {301--308},
   MRCLASS = {34.41},
  MRNUMBER = {0147699},
MRREVIEWER = {L. Pint\~A\copyright{}r},
      NOTE = "\href{http://www.ams.org/mathscinet-getitem?mr=0147699}{MR:0147699}",
}

@article{Ilyashenko1978,
    AUTHOR = {Ilyashenko, Yu.~S.},
     TITLE = {Topology of phase portraits of analytic differential equations
              on a complex projective plane},
   JOURNAL = {Trudy Sem. Petrovsk.},
  FJOURNAL = {Moskovski\u\i\ Universitet. Trudy Seminara imeni I. G.
              Petrovskogo},
    NUMBER = {4},
      YEAR = {1978},
     PAGES = {83--136},
      ISSN = {0321-2971},
   MRCLASS = {58F14 (34D30 58C10)},
  MRNUMBER = {524528 (84k:58164)},
MRREVIEWER = {K. Barckow},
      NOTE = "\href{http://www.ams.org/mathscinet-getitem?mr=524528}{MR:524528}",
}

@article{IlyashenkoMoldavskis2011,
    AUTHOR = {Ilyashenko, Yu.~S. and Moldavskis, V.},
     TITLE = {Total rigidity of generic quadratic vector fields},
   JOURNAL = {Mosc. Math. J.},
  FJOURNAL = {Moscow Mathematical Journal},
    VOLUME = {11},
      YEAR = {2011},
    NUMBER = {3},
     PAGES = {521--530, 630},
      ISSN = {1609-3321},
   MRCLASS = {37F75},
  MRNUMBER = {2894428},
      NOTE = "\href{http://www.ams.org/mathscinet-getitem?mr=2894428}{MR:2894428}",
}

@book {IlyashenkoYakovenko2007,
    AUTHOR = {Ilyashenko, Yulij S. and Yakovenko, Sergei},
     TITLE = {Lectures on analytic differential equations},
    SERIES = {Graduate Studies in Mathematics},
    VOLUME = {86},
 PUBLISHER = {American Mathematical Society},
   ADDRESS = {Providence, RI},
      YEAR = {2008},
     PAGES = {xiv+625},
      ISBN = {978-0-8218-3667-5},
   MRCLASS = {34-02 (32S65 34-01 34C07 34M25 34M50 37C10 37F75)},
  MRNUMBER = {2363178 (2009b:34001)},
MRREVIEWER = {Christiane Rousseau},
       DOI = {10.1090/gsm/086},
      NOTE = "\href{http://dx.doi.org/10.1090/gsm/086}{DOI:10.1090/gsm/086}",
}

@article{NoIndexTheorems,
    AUTHOR = {Kudryashov, Y. and Ram\'{i}rez, V.},
     TITLE = {There are no new index theorems for generic quadratic vector fields on $\mathbb{C}^2$},
   JOURNAL = {\normalfont \href{http://arxiv.org/abs/1705.06340}{arXiv:1705.06340v1}},
      YEAR = {2017},
}

@article {LinsNeto2012,
    AUTHOR = {L{ins Neto}, A.},
     TITLE = {Fibers of the {B}aum-{B}ott map for foliations of degree two
              on {${\mathbb{P}}^2$}},
   JOURNAL = {Bull. Braz. Math. Soc. (N.S.)},
  FJOURNAL = {Bulletin of the Brazilian Mathematical Society. New Series.
              Boletim da Sociedade Brasileira de Matem\'atica},
    VOLUME = {43},
      YEAR = {2012},
    NUMBER = {1},
     PAGES = {129--169},
      ISSN = {1678-7544},
   MRCLASS = {37F75 (34M15)},
  MRNUMBER = {2909926},
       DOI = {10.1007/s00574-012-0008-0},
       URL = {http://dx.doi.org/10.1007/s00574-012-0008-0},
      NOTE = "\href{http://dx.doi.org/10.1007/s00574-012-0008-0}{DOI:10.1007/s00574-012-0008-0}",
}

@article{PetrovskiiLandis1957,
    AUTHOR = {Landis, E.~M. and Petrovski{\u\i}, I.~G.},
     TITLE = {On the number of limit cycles of the equation
              {$dy/dx=P(x,y)/Q(x,y)$}, where {$P$} and {$Q$} are
              polynomials},
   JOURNAL = {Mat. Sb. N.S.},
    VOLUME = {43(85)},
      YEAR = {1957},
     PAGES = {149--168},
   MRCLASS = {34.0X},
  MRNUMBER = {0089968 (19,746c)},
MRREVIEWER = {S. Lefschetz},
      NOTE = "\href{http://www.ams.org/mathscinet-getitem?mr=0089968}{MR:0089968}",
}

@article{LinsNetoSadScardua1998,
    AUTHOR = {L{ins Neto}, A. and Sad, P. and Sc{\'a}rdua, B.},
     TITLE = {On topological rigidity of projective foliations},
   JOURNAL = {Bull. Soc. Math. France},
  FJOURNAL = {Bulletin de la Soci\'et\'e Math\'ematique de France},
    VOLUME = {126},
      YEAR = {1998},
    NUMBER = {3},
     PAGES = {381--406},
      ISSN = {0037-9484},
     CODEN = {BSMFAA},
   MRCLASS = {32G07 (37F75)},
  MRNUMBER = {1682801 (2000b:32027)},
MRREVIEWER = {M. G. Soares},
       URL = {http://www.numdam.org/item?id=BSMF_1998__126_3_381_0},
      NOTE = "\href{http://www.ams.org/mathscinet-getitem?mr=1682801}{MR:1682801}",
}

@article{Marin2003,
    AUTHOR = {Mar{\'{\i}}n, D.},
     TITLE = {Moduli spaces of germs of holomorphic foliations in the plane},
   JOURNAL = {Comment. Math. Helv.},
  FJOURNAL = {Commentarii Mathematici Helvetici},
    VOLUME = {78},
      YEAR = {2003},
    NUMBER = {3},
     PAGES = {518--539},
      ISSN = {0010-2571},
     CODEN = {COMHAX},
   MRCLASS = {32S65 (34M35 37F75)},
  MRNUMBER = {1998392 (2004i:32052)},
MRREVIEWER = {Bruno A. Sc{\'a}rdua},
       DOI = {10.1007/s00014-003-0771-z},
       URL = {http://dx.doi.org/10.1007/s00014-003-0771-z},
      NOTE = "\href{http://dx.doi.org/10.1007/s00014-003-0771-z}{DOI:10.1007/s00014-003-0771-z}",
}

@article{Nakai1994,
    AUTHOR = {Nakai, I.},
     TITLE = {Separatrices for nonsolvable dynamics on {${\bf C},0$}},
   JOURNAL = {Ann. Inst. Fourier (Grenoble)},
  FJOURNAL = {Universit\'e de Grenoble. Annales de l'Institut Fourier},
    VOLUME = {44},
      YEAR = {1994},
    NUMBER = {2},
     PAGES = {569--599},
      ISSN = {0373-0956},
     CODEN = {AIFUA7},
   MRCLASS = {58F14 (58F23)},
  MRNUMBER = {1296744 (95j:58124)},
MRREVIEWER = {Robert Roussarie},
       URL = {http://www.numdam.org/item?id=AIF_1994__44_2_569_0},
      NOTE = "\href{http://www.ams.org/mathscinet-getitem?mr=1296744}{MR:1296744}",
}

@article {Pyartli2000,
    AUTHOR = {Pyartli, A.~S.},
     TITLE = {Rational differential equations with commutative monodromy
              group at infinity},
   JOURNAL = {Tr. Mosk. Mat. Obs.},
  FJOURNAL = {Trudy Moskovskogo Matematicheskogo Obshchestva},
    VOLUME = {61},
      YEAR = {2000},
    NUMBER = {},
     PAGES = {75--106},
      ISSN = {0134-8663},
   MRCLASS = {34M35 (32G34)},
  MRNUMBER = {1911688 (2003e:34166)},
MRREVIEWER = {Alexey A. Glutsyuk},
      NOTE = "\href{http://www.ams.org/mathscinet-getitem?mr=1911688}{MR:1911688}"
}

@article{Pyartli2006,
    AUTHOR = {Pyartli, A.~S.},
     TITLE = {Quadratic vector fields on {$\mathbb{C}{\rm P}^2$} with a
              solvable monodromy group at infinity},
   JOURNAL = {Tr. Mat. Inst. Steklova},
  FJOURNAL = {Trudy Matematicheskogo Instituta Imeni V. A. Steklova.
              Rossi\u\i skaya Akademiya Nauk},
    VOLUME = {254},
      YEAR = {2006},
    NUMBER = {Nelinein. Anal. Differ. Uravn.},
     PAGES = {130--161},
      ISSN = {0371-9685},
   MRCLASS = {37F75 (32M25 34M15 34M35)},
  MRNUMBER = {2301002 (2009b:37092)},
MRREVIEWER = {Arseniy A. Shcherbakov},
      NOTE = "\href{http://www.ams.org/mathscinet-getitem?mr=2301002}{MR:2301002}"
}

@article{StrongTopoInvariance,
    AUTHOR = {Ram\'{i}rez, V.},
     TITLE = {Strong topological invariance of the monodromy group at infinity for quadratic vector fields},
   JOURNAL = {J. Singul.},
  FJOURNAL = {Journal of Singularities},
    VOLUME = {9},
      YEAR = {2014},
     PAGES = {193--202},
      ISSN = {1949-2006},
   MRCLASS = {37F10 (37F75)},
  MRNUMBER = {3249057},
MRREVIEWER = {Jasmin Raissy},
       DOI = {10.5427/jsing.2014.9n},
       URL = {http://dx.doi.org/10.5427/jsing.2014.9n},
      NOTE = "\href{http://dx.doi.org/10.5427/jsing.2014.9n}{DOI:10.5427/jsing.2014.9n}",
}

@article{TwinVectorFields,
    AUTHOR = {Ram\'{i}rez, V.},
     TITLE = {Twin vector fields and independence of spectra for quadratic vector fields},
   JOURNAL = {J. Dynam. Control Syst.},
  FJOURNAL = {Journal of Dynamical and Control Systems},
      YEAR = {2016},
     PAGES = {1--11},
      ISSN = {1573-8698},
   MRCLASS = {37F75},
       DOI = {10.1007/s10883-016-9344-5},
       URL = {http://dx.doi.org/10.1007/s10883-016-9344-5},
      NOTE = "\href{http://dx.doi.org/10.1007/s10883-016-9344-5}{DOI:10.1007/s10883-016-9344-5}",
}

@article{UtmostRigidity,
    AUTHOR = {Ram\'{i}rez, V.},
     TITLE = {The utmost rigidity property for quadratic foliations on $\mathbb{P}^2$ with an invariant line},
   JOURNAL = {Bol. Soc. Mat. Mex.},
  FJOURNAL = {Bolet\'{i}n de la Sociedad Matem\'{a}tica Mexicana},
      YEAR = {2016},
     PAGES = {1--55},
      ISSN = {2296-4495},
   MRCLASS = {37F75},
       DOI = {10.1007/s40590-016-0127-5},
       URL = {http://dx.doi.org/10.1007/s40590-016-0127-5},
      NOTE = "\href{http://dx.doi.org/10.1007/s40590-016-0127-5}{DOI:10.1007/s40590-016-0127-5}. Preprint version: \href{http://arxiv.org/abs/1410.5840}{arXiv:1410.5840v2}",
}

@article{WoodsHole,
    AUTHOR = {Ram\'{i}rez, V.},
     TITLE = {The Woods Hole trace formula and indices for vector fields and foliations on $\mathbb{C}^2$},
   JOURNAL = {\normalfont \href{http://arxiv.org/abs/1608.05321}{arXiv:1608.05321v1}},
      YEAR = {2016},
}

@article{Shcherbakov1984,
    AUTHOR = {Shcherbakov, A.~A.},
     TITLE = {Topological and analytic conjugation of noncommutative groups
              of germs of conformal mappings},
   JOURNAL = {Trudy Sem. Petrovsk.},
  FJOURNAL = {Moskovski\u\i\ Universitet. Trudy Seminara imeni I. G.
              Petrovskogo},
    NUMBER = {10},
      YEAR = {1984},
     PAGES = {170--196, 238--239},
      ISSN = {0321-2971},
   MRCLASS = {58F10 (30C35 58F21)},
  MRNUMBER = {778885 (86g:58083)},
MRREVIEWER = {V. Oproiu},
      NOTE = "\href{http://www.ams.org/mathscinet-getitem?mr=778885}{MR:778885}"
}

@article{ShcherbakovRosalesOrtiz1998,
    AUTHOR = {Shcherbakov, A.~A. and R{osales-Gonz{\'a}lez}, E. and
              O{rtiz-Bobadilla}, L.},
     TITLE = {Countable set of limit cycles for the equation $dw/dz=$ {$P_n(z,w)/Q_n(z,w)$}},
   JOURNAL = {J. Dynam. Control Systems},
  FJOURNAL = {Journal of Dynamical and Control Systems},
    VOLUME = {4},
      YEAR = {1998},
    NUMBER = {4},
     PAGES = {539--581},
      ISSN = {1079-2724},
     CODEN = {JDCSEK},
   MRCLASS = {58F21 (34C05)},
  MRNUMBER = {1662926 (99m:58150)},
MRREVIEWER = {Sergei Yakovenko},
       DOI = {10.1023/A:1021819201777},
       URL = {http://dx.doi.org/10.1023/A:1021819201777},
      NOTE = "\href{http://dx.doi.org/10.1023/A:1021819201777}{DOI:10.1023/A:1021819201777}",
}

@article {TeymuriMafraScardua2013,
    AUTHOR = {T{eymuri Garakani}, M. and Mafra, A. and Sc{\'a}rdua, B.},
     TITLE = {On topological rigidity of phase-portraits in the complex
              plane},
   JOURNAL = {Bol. Soc. Mat. Mexicana (3)},
  FJOURNAL = {Sociedad Matem\'atica Mexicana. Bolet\'\i n. Tercera Serie},
    VOLUME = {19},
      YEAR = {2013},
    NUMBER = {1},
     PAGES = {65--83},
      ISSN = {1405-213X},
   MRCLASS = {32M25 (32S65 34C07 57R30)},
  MRNUMBER = {3097943},
      NOTE = "\href{http://www.ams.org/mathscinet-getitem?mr=3097943}{MR:3097943}",
}

%%% SOFTWARE %%%

  @Misc{CoCoALib,
   author = {Abbott, J. and Bigatti, A. M.},
   title = {{CoCoALib}: a {C}++ library for doing {C}omputations in {C}ommutative {A}lgebra},
   howpublished = {Available at \href{http://cocoa.dima.unige.it/cocoalib}{http://cocoa.dima.unige.it/cocoalib}},
}

@misc {Macaulay2,
    AUTHOR = {Grayson, Daniel R. and Stillman, Michael E.},
     TITLE = {Macaulay2, a software system for research in algebraic geometry},
      NOTE = "Available at \href{http://www.math.uiuc.edu/Macaulay2/}{http://www.math.uiuc.edu/Macaulay2/}"
}

@misc {Mathematica9,
    AUTHOR = {{Wolfram Research, Inc.}},
     TITLE = "{{\sl Mathematica}, Version 9.0, Champaign, IL (2012)}",
      NOTE = "\href{http://www.wolfram.com/mathematica/}{http://www.wolfram.com/mathematica}",
}
